@ARTICLE{Agnello2017,
       author = {{Agnello}, Adriano},
        title = "{Quasar lenses and galactic streams: outlier selection and Gaia multiplet detection}",
      journal = {\mnras},
     keywords = {gravitational lensing: strong, methods: statistical, surveys, Galaxy: structure, Astrophysics - Astrophysics of Galaxies, Astrophysics - Cosmology and Nongalactic Astrophysics},
         year = 2017,
        month = oct,
       volume = {471},
       number = {2},
        pages = {2013-2021},
          doi = {10.1093/mnras/stx1650},
archivePrefix = {arXiv},
       eprint = {1705.08900},
 primaryClass = {astro-ph.GA},
       adsurl = {https://ui.adsabs.harvard.edu/abs/2017MNRAS.471.2013A},
      adsnote = {Provided by the SAO/NASA Astrophysics Data System}
}

@ARTICLE{Alard1996,
       author = {{Alard}, C.},
        title = "{Evidence for the Sagittarius Dwarf Galaxy at Low Galactic Latitudes}",
      journal = {\apjl},
     keywords = {GALAXIES: LOCAL GROUP, STARS: VARIABLES: OTHER, SURVEYS},
         year = 1996,
        month = feb,
       volume = {458},
        pages = {L17},
          doi = {10.1086/309917},
       adsurl = {https://ui.adsabs.harvard.edu/abs/1996ApJ...458L..17A},
      adsnote = {Provided by the SAO/NASA Astrophysics Data System}
}



@ARTICLE{Antoja2020,
       author = {{Antoja}, T. and {Ramos}, P. and {Mateu}, C. and {Helmi}, A. and {Anders}, F. and {Jordi}, C. and {Carballo-Bello}, J.~A.},
        title = "{An all-sky proper-motion map of the Sagittarius stream using Gaia DR2}",
      journal = {\aap},
     keywords = {Galaxy: halo, galaxies: dwarf, Galaxy: kinematics and dynamics, Galaxy: formation, astrometry, Astrophysics - Astrophysics of Galaxies},
         year = 2020,
        month = mar,
       volume = {635},
          eid = {L3},
        pages = {L3},
          doi = {10.1051/0004-6361/201937145},
archivePrefix = {arXiv},
       eprint = {2001.10012},
 primaryClass = {astro-ph.GA},
       adsurl = {https://ui.adsabs.harvard.edu/abs/2020A&A...635L...3A},
      adsnote = {Provided by the SAO/NASA Astrophysics Data System}
}


@ARTICLE{ArellanoFerro2013,
       author = {{Arellano Ferro}, A. and {Bramich}, D.~M. and {Giridhar}, S. and {Figuera Jaimes}, R. and {Kains}, N. and {Kuppuswamy}, K.},
        title = "{Variable Stars in the Globular Cluster NGC 288: [Fe/H] and Distance}",
      journal = {\actaa},
     keywords = {globular clusters: individual: NGC 288, Stars: variables: RR Lyrae, Stars: variables: delta Scuti, Astrophysics - Solar and Stellar Astrophysics, Astrophysics - Galaxy Astrophysics},
         year = 2013,
        month = dec,
       volume = {63},
       number = {4},
        pages = {429-451},
archivePrefix = {arXiv},
       eprint = {1401.5476},
 primaryClass = {astro-ph.SR},
       adsurl = {https://ui.adsabs.harvard.edu/abs/2013AcA....63..429A},
      adsnote = {Provided by the SAO/NASA Astrophysics Data System}
}

@ARTICLE{deBoer2020,
       author = {{de Boer}, T.~J.~L. and {Erkal}, D. and {Gieles}, M.},
        title = "{A closer look at the spur, blob, wiggle, and gaps in GD-1}",
      journal = {\mnras},
     keywords = {Hertzsprung-Russell and colour-magnitude diagrams, Galaxy: fundamental parameters, Galaxy: halo, Galaxy: kinematics and dynamics, Galaxy: structure, Astrophysics - Astrophysics of Galaxies},
         year = 2020,
        month = jun,
       volume = {494},
       number = {4},
        pages = {5315-5332},
          doi = {10.1093/mnras/staa917},
archivePrefix = {arXiv},
       eprint = {1911.05745},
 primaryClass = {astro-ph.GA},
       adsurl = {https://ui.adsabs.harvard.edu/abs/2020MNRAS.494.5315D},
      adsnote = {Provided by the SAO/NASA Astrophysics Data System}
}


@ARTICLE{Baker2015,
       author = {{Baker}, Mariah and {Willman}, Beth},
        title = "{Charting Unexplored Dwarf Galaxy Territory with RR Lyrae}",
      journal = {\aj},
     keywords = {galaxies: dwarf, galaxies: star clusters: general, stars: distances, stars: variables: general, techniques: photometric, Astrophysics - Astrophysics of Galaxies},
         year = 2015,
        month = nov,
       volume = {150},
       number = {5},
          eid = {160},
        pages = {160},
          doi = {10.1088/0004-6256/150/5/160},
archivePrefix = {arXiv},
       eprint = {1507.00734},
 primaryClass = {astro-ph.GA},
       adsurl = {https://ui.adsabs.harvard.edu/abs/2015AJ....150..160B},
      adsnote = {Provided by the SAO/NASA Astrophysics Data System}
}

@ARTICLE{Balbinot2011,
       author = {{Balbinot}, Eduardo and {Santiago}, Bas{\'\i}lio X. and {da Costa}, Luiz N. and {Makler}, Martin and {Maia}, Marcio A.~G.},
        title = "{The tidal tails of NGC 2298}",
      journal = {\mnras},
     keywords = {globular clusters: general, globular clusters: individual: NGC 2298, Galaxy: structure, Astrophysics - Astrophysics of Galaxies, Astrophysics - Cosmology and Nongalactic Astrophysics},
         year = 2011,
        month = sep,
       volume = {416},
       number = {1},
        pages = {393-402},
          doi = {10.1111/j.1365-2966.2011.19044.x},
archivePrefix = {arXiv},
       eprint = {1105.1933},
 primaryClass = {astro-ph.GA},
       adsurl = {https://ui.adsabs.harvard.edu/abs/2011MNRAS.416..393B},
      adsnote = {Provided by the SAO/NASA Astrophysics Data System}
}

@ARTICLE{Balbinot2013,
       author = {{Balbinot}, E. and {Santiago}, B.~X. and {da Costa}, L. and {Maia}, M.~A.~G. and {Majewski}, S.~R. and {Nidever}, D. and {Rocha-Pinto}, H.~J. and {Thomas}, D. and {Wechsler}, R.~H. and {Yanny}, B.},
        title = "{A New Milky Way Halo Star Cluster in the Southern Galactic Sky}",
      journal = {\apj},
     keywords = {galaxies: dwarf, globular clusters: general, Local Group, Astrophysics - Astrophysics of Galaxies, Astrophysics - Cosmology and Nongalactic Astrophysics},
         year = 2013,
        month = apr,
       volume = {767},
       number = {2},
          eid = {101},
        pages = {101},
          doi = {10.1088/0004-637X/767/2/101},
archivePrefix = {arXiv},
       eprint = {1212.5952},
 primaryClass = {astro-ph.GA},
       adsurl = {https://ui.adsabs.harvard.edu/abs/2013ApJ...767..101B},
      adsnote = {Provided by the SAO/NASA Astrophysics Data System}
}

@ARTICLE{Balbinot2016,
       author = {{Balbinot}, E. and {Yanny}, B. and {Li}, T.~S. and {Santiago}, B. and {Marshall}, J.~L. and {Finley}, D.~A. and {Pieres}, A. and {Abbott}, T.~M.~C. and {Abdalla}, F.~B. and {Allam}, S. and {Benoit-L{\'e}vy}, A. and {Bernstein}, G.~M. and {Bertin}, E. and {Brooks}, D. and {Burke}, D.~L. and {Carnero Rosell}, A. and {Carrasco Kind}, M. and {Carretero}, J. and {Cunha}, C.~E. and {da Costa}, L.~N. and {DePoy}, D.~L. and {Desai}, S. and {Diehl}, H.~T. and {Doel}, P. and {Estrada}, J. and {Flaugher}, B. and {Frieman}, J. and {Gerdes}, D.~W. and {Gruen}, D. and {Gruendl}, R.~A. and {Honscheid}, K. and {James}, D.~J. and {Kuehn}, K. and {Kuropatkin}, N. and {Lahav}, O. and {March}, M. and {Martini}, P. and {Miquel}, R. and {Nichol}, R.~C. and {Ogando}, R. and {Romer}, A.~K. and {Sanchez}, E. and {Schubnell}, M. and {Sevilla-Noarbe}, I. and {Smith}, R.~C. and {Soares-Santos}, M. and {Sobreira}, F. and {Suchyta}, E. and {Tarle}, G. and {Thomas}, D. and {Tucker}, D. and {Walker}, A.~R. and {DES Collaboration}},
        title = "{The Phoenix Stream: A Cold Stream in the Southern Hemisphere}",
      journal = {\apj},
     keywords = {Galaxy: halo, Galaxy: structure, Astrophysics - Astrophysics of Galaxies},
         year = 2016,
        month = mar,
       volume = {820},
       number = {1},
          eid = {58},
        pages = {58},
          doi = {10.3847/0004-637X/820/1/58},
archivePrefix = {arXiv},
       eprint = {1509.04283},
 primaryClass = {astro-ph.GA},
       adsurl = {https://ui.adsabs.harvard.edu/abs/2016ApJ...820...58B},
      adsnote = {Provided by the SAO/NASA Astrophysics Data System}
}

@ARTICLE{Baumgardt2021,
       author = {{Baumgardt}, H. and {Vasiliev}, E.},
        title = "{Accurate distances to Galactic globular clusters through a combination of Gaia EDR3, HST, and literature data}",
      journal = {\mnras},
     keywords = {stars: distances, globular clusters: general, Astrophysics - Astrophysics of Galaxies},
         year = 2021,
        month = aug,
       volume = {505},
       number = {4},
        pages = {5957-5977},
          doi = {10.1093/mnras/stab1474},
archivePrefix = {arXiv},
       eprint = {2105.09526},
 primaryClass = {astro-ph.GA},
       adsurl = {https://ui.adsabs.harvard.edu/abs/2021MNRAS.505.5957B},
      adsnote = {Provided by the SAO/NASA Astrophysics Data System}
}

@ARTICLE{Belokurov2006_5466,
       author = {{Belokurov}, V. and {Evans}, N.~W. and {Irwin}, M.~J. and {Hewett}, P.~C. and {Wilkinson}, M.~I.},
        title = "{The Discovery of Tidal Tails around the Globular Cluster NGC 5466}",
      journal = {\apjl},
     keywords = {Galaxy: Halo, Galaxy: Kinematics and Dynamics, Galaxy: Globular Clusters: Individual: NGC Number: NGC 5466, Astrophysics},
         year = 2006,
        month = jan,
       volume = {637},
       number = {1},
        pages = {L29-L32},
          doi = {10.1086/500362},
archivePrefix = {arXiv},
       eprint = {astro-ph/0511767},
 primaryClass = {astro-ph},
       adsurl = {https://ui.adsabs.harvard.edu/abs/2006ApJ...637L..29B},
      adsnote = {Provided by the SAO/NASA Astrophysics Data System}
}

@ARTICLE{Belokurov2006_sgr,
       author = {{Belokurov}, V. and {Zucker}, D.~B. and {Evans}, N.~W. and {Gilmore}, G. and {Vidrih}, S. and {Bramich}, D.~M. and {Newberg}, H.~J. and {Wyse}, R.~F.~G. and {Irwin}, M.~J. and {Fellhauer}, M. and {Hewett}, P.~C. and {Walton}, N.~A. and {Wilkinson}, M.~I. and {Cole}, N. and {Yanny}, B. and {Rockosi}, C.~M. and {Beers}, T.~C. and {Bell}, E.~F. and {Brinkmann}, J. and {Ivezi{\'c}}, {\v{Z}}. and {Lupton}, R.},
        title = "{The Field of Streams: Sagittarius and Its Siblings}",
      journal = {\apjl},
     keywords = {Galaxies: Individual: Name: Sagittarius dSph, Galaxies: Kinematics and Dynamics, Galaxies: Structure, Galaxy: Halo, Galaxies: Local Group, Astrophysics},
         year = 2006,
        month = may,
       volume = {642},
       number = {2},
        pages = {L137-L140},
          doi = {10.1086/504797},
archivePrefix = {arXiv},
       eprint = {astro-ph/0605025},
 primaryClass = {astro-ph},
       adsurl = {https://ui.adsabs.harvard.edu/abs/2006ApJ...642L.137B},
      adsnote = {Provided by the SAO/NASA Astrophysics Data System}
}

@ARTICLE{Belokurov2018_sausage,
       author = {{Belokurov}, V. and {Erkal}, D. and {Evans}, N.~W. and {Koposov}, S.~E. and {Deason}, A.~J.},
        title = "{Co-formation of the disc and the stellar halo}",
      journal = {\mnras},
     keywords = {galaxies: dwarf, Local Group, galaxies: structure, Astrophysics - Astrophysics of Galaxies},
         year = 2018,
        month = jul,
       volume = {478},
       number = {1},
        pages = {611-619},
          doi = {10.1093/mnras/sty982},
archivePrefix = {arXiv},
       eprint = {1802.03414},
 primaryClass = {astro-ph.GA},
       adsurl = {https://ui.adsabs.harvard.edu/abs/2018MNRAS.478..611B},
      adsnote = {Provided by the SAO/NASA Astrophysics Data System}
}

@ARTICLE{Belokurov2014_sgr,
       author = {{Belokurov}, V. and {Koposov}, S.~E. and {Evans}, N.~W. and {Pe{\~n}arrubia}, J. and {Irwin}, M.~J. and {Smith}, M.~C. and {Lewis}, G.~F. and {Gieles}, M. and {Wilkinson}, M.~I. and {Gilmore}, G. and {Olszewski}, E.~W. and {Niederste-Ostholt}, M.},
        title = "{Precession of the Sagittarius stream}",
      journal = {\mnras},
     keywords = {blue stragglers, stars: carbon, stars: horizontal branch, Galaxy: fundamental parameters, Galaxy: halo, Galaxy: kinematics and dynamics, Astrophysics - Galaxy Astrophysics},
         year = 2014,
        month = jan,
       volume = {437},
       number = {1},
        pages = {116-131},
          doi = {10.1093/mnras/stt1862},
archivePrefix = {arXiv},
       eprint = {1301.7069},
 primaryClass = {astro-ph.GA},
       adsurl = {https://ui.adsabs.harvard.edu/abs/2014MNRAS.437..116B},
      adsnote = {Provided by the SAO/NASA Astrophysics Data System}
}





@ARTICLE{Bernad2014,
       author = {{Bernard}, E.~J. and {Ferguson}, A.~M.~N. and {Schlafly}, E.~F. and {Abbas}, M. and {Bell}, E.~F. and {Deacon}, N.~R. and {Martin}, N.~F. and {Rix}, H. -W. and {Sesar}, B. and {Slater}, C.~T. and {Penarrubia}, J. and {Wyse}, R.~F.~G. and {Burgett}, W.~S. and {Chambers}, K.~C. and {Draper}, P.~W. and {Hodapp}, K.~W. and {Kaiser}, N. and {Kudritzki}, R. -P. and {Magnier}, E.~A. and {Metcalfe}, N. and {Morgan}, J.~S. and {Price}, P.~A. and {Tonry}, J.~L. and {Wainscoat}, R.~J. and {Waters}, C.},
        title = "{Serendipitous discovery of a thin stellar stream near the Galactic bulge in the Pan-STARRS1 3{\ensuremath{\pi}} Survey.}",
      journal = {\mnras},
     keywords = {surveys, globular clusters: general, Galaxy: halo, Galaxy: structure, Astrophysics - Astrophysics of Galaxies},
         year = 2014,
        month = sep,
       volume = {443},
        pages = {L84-L88},
          doi = {10.1093/mnrasl/slu089},
archivePrefix = {arXiv},
       eprint = {1405.6645},
 primaryClass = {astro-ph.GA},
       adsurl = {https://ui.adsabs.harvard.edu/abs/2014MNRAS.443L..84B},
      adsnote = {Provided by the SAO/NASA Astrophysics Data System}
}

@ARTICLE{Bernard2014,
       author = {{Bernard}, E.~J. and {Ferguson}, A.~M.~N. and {Schlafly}, E.~F. and {Abbas}, M. and {Bell}, E.~F. and {Deacon}, N.~R. and {Martin}, N.~F. and {Rix}, H. -W. and {Sesar}, B. and {Slater}, C.~T. and {Penarrubia}, J. and {Wyse}, R.~F.~G. and {Burgett}, W.~S. and {Chambers}, K.~C. and {Draper}, P.~W. and {Hodapp}, K.~W. and {Kaiser}, N. and {Kudritzki}, R. -P. and {Magnier}, E.~A. and {Metcalfe}, N. and {Morgan}, J.~S. and {Price}, P.~A. and {Tonry}, J.~L. and {Wainscoat}, R.~J. and {Waters}, C.},
        title = "{Serendipitous discovery of a thin stellar stream near the Galactic bulge in the Pan-STARRS1 3{\ensuremath{\pi}} Survey.}",
      journal = {\mnras},
     keywords = {surveys, globular clusters: general, Galaxy: halo, Galaxy: structure, Astrophysics - Astrophysics of Galaxies},
         year = 2014,
        month = sep,
       volume = {443},
        pages = {L84-L88},
          doi = {10.1093/mnrasl/slu089},
archivePrefix = {arXiv},
       eprint = {1405.6645},
 primaryClass = {astro-ph.GA},
       adsurl = {https://ui.adsabs.harvard.edu/abs/2014MNRAS.443L..84B},
      adsnote = {Provided by the SAO/NASA Astrophysics Data System}
}


@ARTICLE{Bernard2016,
       author = {{Bernard}, Edouard J. and {Ferguson}, Annette M.~N. and {Schlafly}, Edward F. and {Martin}, Nicolas F. and {Rix}, Hans-Walter and {Bell}, Eric F. and {Finkbeiner}, Douglas P. and {Goldman}, Bertrand and {Mart{\'\i}nez-Delgado}, David and {Sesar}, Branimir and {Wyse}, Rosemary F.~G. and {Burgett}, William S. and {Chambers}, Kenneth C. and {Draper}, Peter W. and {Hodapp}, Klaus W. and {Kaiser}, Nicholas and {Kudritzki}, Rolf-Peter and {Magnier}, Eugene A. and {Metcalfe}, Nigel and {Wainscoat}, Richard J. and {Waters}, Christopher},
        title = "{A Synoptic Map of Halo Substructures from the Pan-STARRS1 3{\ensuremath{\pi}} Survey}",
      journal = {\mnras},
     keywords = {Hertzsprung-Russell and colour-magnitude diagrams, surveys, Galaxy: halo, Galaxy: structure, Astrophysics - Astrophysics of Galaxies},
         year = 2016,
        month = dec,
       volume = {463},
       number = {2},
        pages = {1759-1768},
          doi = {10.1093/mnras/stw2134},
archivePrefix = {arXiv},
       eprint = {1607.06088},
 primaryClass = {astro-ph.GA},
       adsurl = {https://ui.adsabs.harvard.edu/abs/2016MNRAS.463.1759B},
      adsnote = {Provided by the SAO/NASA Astrophysics Data System}
}

@BOOK{BB2005,
       author = {{Berry}, Richard and {Burnell}, James},
        title = "{The handbook of astronomical image processing}",
         year = 2005,
       volume = {2},
       series = {},
       adsurl = {https://ui.adsabs.harvard.edu/abs/2005haip.book.....B},
      adsnote = {Provided by the SAO/NASA Astrophysics Data System}
}

@ARTICLE{Bonaca2012,
       author = {{Bonaca}, Ana and {Geha}, Marla and {Kallivayalil}, Nitya},
        title = "{A Cold Milky Way Stellar Stream in the Direction of Triangulum}",
      journal = {\apjl},
     keywords = {Galaxy: halo, Galaxy: structure, Astrophysics - Astrophysics of Galaxies},
         year = 2012,
        month = nov,
       volume = {760},
       number = {1},
          eid = {L6},
        pages = {L6},
          doi = {10.1088/2041-8205/760/1/L6},
archivePrefix = {arXiv},
       eprint = {1209.5391},
 primaryClass = {astro-ph.GA},
       adsurl = {https://ui.adsabs.harvard.edu/abs/2012ApJ...760L...6B},
      adsnote = {Provided by the SAO/NASA Astrophysics Data System}
}

@ARTICLE{Bonaca2019,
       author = {{Bonaca}, Ana and {Conroy}, Charlie and {Price-Whelan}, Adrian M. and {Hogg}, David W.},
        title = "{Multiple Components of the Jhelum Stellar Stream}",
      journal = {\apjl},
     keywords = {Galaxy: halo, Galaxy: kinematics and dynamics, stars: kinematics and dynamics, Astrophysics - Astrophysics of Galaxies, Astrophysics - Solar and Stellar Astrophysics},
         year = 2019,
        month = aug,
       volume = {881},
       number = {2},
          eid = {L37},
        pages = {L37},
          doi = {10.3847/2041-8213/ab36ba},
archivePrefix = {arXiv},
       eprint = {1906.02748},
 primaryClass = {astro-ph.GA},
       adsurl = {https://ui.adsabs.harvard.edu/abs/2019ApJ...881L..37B},
      adsnote = {Provided by the SAO/NASA Astrophysics Data System}
}

@ARTICLE{Bonaca2019_gd1,
       author = {{Bonaca}, Ana and {Hogg}, David W. and {Price-Whelan}, Adrian M. and {Conroy}, Charlie},
        title = "{The Spur and the Gap in GD-1: Dynamical Evidence for a Dark Substructure in the Milky Way Halo}",
      journal = {\apj},
     keywords = {cosmology: observations, dark matter, Galaxy: halo, Galaxy: kinematics and dynamics, gravitation, stars: kinematics and dynamics, Astrophysics - Astrophysics of Galaxies, Astrophysics - Cosmology and Nongalactic Astrophysics, High Energy Physics - Phenomenology},
         year = 2019,
        month = jul,
       volume = {880},
       number = {1},
          eid = {38},
        pages = {38},
          doi = {10.3847/1538-4357/ab2873},
archivePrefix = {arXiv},
       eprint = {1811.03631},
 primaryClass = {astro-ph.GA},
       adsurl = {https://ui.adsabs.harvard.edu/abs/2019ApJ...880...38B},
      adsnote = {Provided by the SAO/NASA Astrophysics Data System}
}

@ARTICLE{Bonaca2020,
       author = {{Bonaca}, Ana and {Pearson}, Sarah and {Price-Whelan}, Adrian M. and {Dey}, Arjun and {Geha}, Marla and {Kallivayalil}, Nitya and {Moustakas}, John and {Mu{\~n}oz}, Ricardo and {Myers}, Adam D. and {Schlegel}, David J. and {Valdes}, Francisco},
        title = "{Variations in the Width, Density, and Direction of the Palomar 5 Tidal Tails}",
      journal = {\apj},
     keywords = {656, 1051, 1060, 1049, 1701, Astrophysics - Astrophysics of Galaxies},
         year = 2020,
        month = jan,
       volume = {889},
       number = {1},
          eid = {70},
        pages = {70},
          doi = {10.3847/1538-4357/ab5afe},
archivePrefix = {arXiv},
       eprint = {1910.00592},
 primaryClass = {astro-ph.GA},
       adsurl = {https://ui.adsabs.harvard.edu/abs/2020ApJ...889...70B},
      adsnote = {Provided by the SAO/NASA Astrophysics Data System}
}

@ARTICLE{Bonaca2021,
       author = {{Bonaca}, Ana and {Naidu}, Rohan P. and {Conroy}, Charlie and {Caldwell}, Nelson and {Cargile}, Phillip A. and {Han}, Jiwon Jesse and {Johnson}, Benjamin D. and {Kruijssen}, J.~M. Diederik and {Myeong}, G.~C. and {Speagle}, Joshua S. and {Ting}, Yuan-Sen and {Zaritsky}, Dennis},
        title = "{Orbital Clustering Identifies the Origins of Galactic Stellar Streams}",
      journal = {\apjl},
     keywords = {the Milky Way, Milky Way stellar halo, Tidal tails, Galaxy accretion, Globular star clusters, 1054, 1060, 1701, 575, 656, Astrophysics - Astrophysics of Galaxies},
         year = 2021,
        month = mar,
       volume = {909},
       number = {2},
          eid = {L26},
        pages = {L26},
          doi = {10.3847/2041-8213/abeaa9},
archivePrefix = {arXiv},
       eprint = {2012.09171},
 primaryClass = {astro-ph.GA},
       adsurl = {https://ui.adsabs.harvard.edu/abs/2021ApJ...909L..26B},
      adsnote = {Provided by the SAO/NASA Astrophysics Data System}
}

@ARTICLE{Bovy2015,
       author = {{Bovy}, Jo},
        title = "{galpy: A python Library for Galactic Dynamics}",
      journal = {\apjs},
     keywords = {galaxies: general, galaxies: kinematics and dynamics, Galaxy: fundamental parameters, Astrophysics - Astrophysics of Galaxies, Astrophysics - Instrumentation and Methods for Astrophysics},
         year = 2015,
        month = feb,
       volume = {216},
       number = {2},
          eid = {29},
        pages = {29},
          doi = {10.1088/0067-0049/216/2/29},
archivePrefix = {arXiv},
       eprint = {1412.3451},
 primaryClass = {astro-ph.GA},
       adsurl = {https://ui.adsabs.harvard.edu/abs/2015ApJS..216...29B},
      adsnote = {Provided by the SAO/NASA Astrophysics Data System}
}



@ARTICLE{BrodieStrader2006,
       author = {{Brodie}, Jean P. and {Strader}, Jay},
        title = "{Extragalactic Globular Clusters and Galaxy Formation}",
      journal = {\araa},
     keywords = {Astrophysics},
         year = 2006,
        month = sep,
       volume = {44},
       number = {1},
        pages = {193-267},
          doi = {10.1146/annurev.astro.44.051905.092441},
archivePrefix = {arXiv},
       eprint = {astro-ph/0602601},
 primaryClass = {astro-ph},
       adsurl = {https://ui.adsabs.harvard.edu/abs/2006ARA&A..44..193B},
      adsnote = {Provided by the SAO/NASA Astrophysics Data System}
}

@ARTICLE{Caldwell2020,
       author = {{Caldwell}, Nelson and {Bonaca}, Ana and {Price-Whelan}, Adrian M. and {Sesar}, Branimir and {Walker}, Matthew G.},
        title = "{A Larger Extent for the Ophiuchus Stream}",
      journal = {\aj},
     keywords = {Galaxy structure, Galaxy stellar halos, Milky Way stellar halo, Globular star clusters, 622, 598, 1060, 656, Astrophysics - Astrophysics of Galaxies},
         year = 2020,
        month = jun,
       volume = {159},
       number = {6},
          eid = {287},
        pages = {287},
          doi = {10.3847/1538-3881/ab8cbf},
archivePrefix = {arXiv},
       eprint = {2004.14350},
 primaryClass = {astro-ph.GA},
       adsurl = {https://ui.adsabs.harvard.edu/abs/2020AJ....159..287C},
      adsnote = {Provided by the SAO/NASA Astrophysics Data System}
}

@ARTICLE{Chandra2022,
       author = {{Chandra}, Vedant and {Conroy}, Charlie and {Caldwell}, Nelson and {Bonaca}, Ana and {Naidu}, Rohan P. and {Zaritsky}, Dennis and {Cargile}, Phillip A. and {Han}, Jiwon Jesse and {Johnson}, Benjamin D. and {Speagle}, Joshua S. and {Ting}, Yuan-Sen and {Woody}, Turner},
        title = "{A Ghost in Bo{\"o}tes: The Least-Luminous Disrupted Dwarf Galaxy}",
      journal = {\apj},
     keywords = {Dwarf galaxies, Low surface brightness galaxies, Stellar streams, 416, 940, 2166, Astrophysics - Astrophysics of Galaxies},
         year = 2022,
        month = dec,
       volume = {940},
       number = {2},
          eid = {127},
        pages = {127},
          doi = {10.3847/1538-4357/ac9b4b},
archivePrefix = {arXiv},
       eprint = {2207.13717},
 primaryClass = {astro-ph.GA},
       adsurl = {https://ui.adsabs.harvard.edu/abs/2022ApJ...940..127C},
      adsnote = {Provided by the SAO/NASA Astrophysics Data System}
}



@ARTICLE{Drlicawagner2015,
       author = {{Drlica-Wagner}, A. and {Bechtol}, K. and {Rykoff}, E.~S. and {Luque}, E. and {Queiroz}, A. and {Mao}, Y. -Y. and {Wechsler}, R.~H. and {Simon}, J.~D. and {Santiago}, B. and {Yanny}, B. and {Balbinot}, E. and {Dodelson}, S. and {Fausti Neto}, A. and {James}, D.~J. and {Li}, T.~S. and {Maia}, M.~A.~G. and {Marshall}, J.~L. and {Pieres}, A. and {Stringer}, K. and {Walker}, A.~R. and {Abbott}, T.~M.~C. and {Abdalla}, F.~B. and {Allam}, S. and {Benoit-L{\'e}vy}, A. and {Bernstein}, G.~M. and {Bertin}, E. and {Brooks}, D. and {Buckley-Geer}, E. and {Burke}, D.~L. and {Carnero Rosell}, A. and {Carrasco Kind}, M. and {Carretero}, J. and {Crocce}, M. and {da Costa}, L.~N. and {Desai}, S. and {Diehl}, H.~T. and {Dietrich}, J.~P. and {Doel}, P. and {Eifler}, T.~F. and {Evrard}, A.~E. and {Finley}, D.~A. and {Flaugher}, B. and {Fosalba}, P. and {Frieman}, J. and {Gaztanaga}, E. and {Gerdes}, D.~W. and {Gruen}, D. and {Gruendl}, R.~A. and {Gutierrez}, G. and {Honscheid}, K. and {Kuehn}, K. and {Kuropatkin}, N. and {Lahav}, O. and {Martini}, P. and {Miquel}, R. and {Nord}, B. and {Ogando}, R. and {Plazas}, A.~A. and {Reil}, K. and {Roodman}, A. and {Sako}, M. and {Sanchez}, E. and {Scarpine}, V. and {Schubnell}, M. and {Sevilla-Noarbe}, I. and {Smith}, R.~C. and {Soares-Santos}, M. and {Sobreira}, F. and {Suchyta}, E. and {Swanson}, M.~E.~C. and {Tarle}, G. and {Tucker}, D. and {Vikram}, V. and {Wester}, W. and {Zhang}, Y. and {Zuntz}, J. and {DES Collaboration}},
        title = "{Eight Ultra-faint Galaxy Candidates Discovered in Year Two of the Dark Energy Survey}",
      journal = {\apj},
     keywords = {galaxies: dwarf, Local Group, Astrophysics - Astrophysics of Galaxies, Astrophysics - High Energy Astrophysical Phenomena, Astrophysics - Instrumentation and Methods for Astrophysics, High Energy Physics - Phenomenology},
         year = 2015,
        month = nov,
       volume = {813},
       number = {2},
          eid = {109},
        pages = {109},
          doi = {10.1088/0004-637X/813/2/109},
archivePrefix = {arXiv},
       eprint = {1508.03622},
 primaryClass = {astro-ph.GA},
       adsurl = {https://ui.adsabs.harvard.edu/abs/2015ApJ...813..109D},
      adsnote = {Provided by the SAO/NASA Astrophysics Data System}
}



@ARTICLE{Donlon2020,
       author = {{Donlon}, Thomas, II and {Newberg}, Heidi Jo and {Sanderson}, Robyn and {Widrow}, Lawrence M.},
        title = "{The Milky Way's Shell Structure Reveals the Time of a Radial Collision}",
      journal = {\apj},
     keywords = {Milky Way Galaxy, Galaxy stellar halos, Galaxy dynamics, 1054, 598, 591, Astrophysics - Astrophysics of Galaxies},
         year = 2020,
        month = oct,
       volume = {902},
       number = {2},
          eid = {119},
        pages = {119},
          doi = {10.3847/1538-4357/abb5f6},
archivePrefix = {arXiv},
       eprint = {2006.08764},
 primaryClass = {astro-ph.GA},
       adsurl = {https://ui.adsabs.harvard.edu/abs/2020ApJ...902..119D},
      adsnote = {Provided by the SAO/NASA Astrophysics Data System}
}



@ARTICLE{DehnenBinney1998,
       author = {{Dehnen}, Walter and {Binney}, James J.},
        title = "{Local stellar kinematics from HIPPARCOS data}",
      journal = {\mnras},
     keywords = {STARS: KINEMATICS, GALAXY: FUNDAMENTAL PARAMETERS, GALAXY: KINEMATICS AND DYNAMICS, SOLAR NEIGHBOURHOOD, GALAXY: STRUCTURE, Astrophysics},
         year = 1998,
        month = aug,
       volume = {298},
       number = {2},
        pages = {387-394},
          doi = {10.1046/j.1365-8711.1998.01600.x},
archivePrefix = {arXiv},
       eprint = {astro-ph/9710077},
 primaryClass = {astro-ph},
       adsurl = {https://ui.adsabs.harvard.edu/abs/1998MNRAS.298..387D},
      adsnote = {Provided by the SAO/NASA Astrophysics Data System}
}


@ARTICLE{Duffau2006,
       author = {{Duffau}, Sonia and {Zinn}, Robert and {Vivas}, A. Katherina and {Carraro}, Giovanni and {M{\'e}ndez}, Ren{\'e} A. and {Winnick}, Rebeccah and {Gallart}, Carme},
        title = "{Spectroscopy of QUEST RR Lyrae Variables: The New Virgo Stellar Stream}",
      journal = {\apjl},
     keywords = {Galaxy: Halo, Galaxy: Kinematics and Dynamics, Galaxy: Structure, Stars: Variables: Other, Astrophysics},
         year = 2006,
        month = jan,
       volume = {636},
       number = {2},
        pages = {L97-L100},
          doi = {10.1086/500130},
archivePrefix = {arXiv},
       eprint = {astro-ph/0510589},
 primaryClass = {astro-ph},
       adsurl = {https://ui.adsabs.harvard.edu/abs/2006ApJ...636L..97D},
      adsnote = {Provided by the SAO/NASA Astrophysics Data System}
}


@ARTICLE{Erkal2019,
       author = {{Erkal}, D. and {Belokurov}, V. and {Laporte}, C.~F.~P. and {Koposov}, S.~E. and {Li}, T.~S. and {Grillmair}, C.~J. and {Kallivayalil}, N. and {Price-Whelan}, A.~M. and {Evans}, N.~W. and {Hawkins}, K. and {Hendel}, D. and {Mateu}, C. and {Navarro}, J.~F. and {del Pino}, A. and {Slater}, C.~T. and {Sohn}, S.~T. and {Orphan Aspen Treasury Collaboration}},
        title = "{The total mass of the Large Magellanic Cloud from its perturbation on the Orphan stream}",
      journal = {\mnras},
     keywords = {Galaxy: evolution, Galaxy: halo, Galaxy: kinematics and dynamics, Galaxy: structure, Magellanic Clouds, Astrophysics - Astrophysics of Galaxies},
         year = 2019,
        month = aug,
       volume = {487},
       number = {2},
        pages = {2685-2700},
          doi = {10.1093/mnras/stz1371},
archivePrefix = {arXiv},
       eprint = {1812.08192},
 primaryClass = {astro-ph.GA},
       adsurl = {https://ui.adsabs.harvard.edu/abs/2019MNRAS.487.2685E},
      adsnote = {Provided by the SAO/NASA Astrophysics Data System}
}


@ARTICLE{Fellhauer2007,
       author = {{Fellhauer}, M. and {Evans}, N.~W. and {Belokurov}, V. and {Wilkinson}, M.~I. and {Gilmore}, G.},
        title = "{The tidal tails of NGC 5466}",
      journal = {\mnras},
     keywords = {methods: N-body simulations, globular clusters: individual: NGC 5466, Galaxy: halo, Galaxy: kinematics and dynamics, Astrophysics},
         year = 2007,
        month = sep,
       volume = {380},
       number = {2},
        pages = {749-756},
          doi = {10.1111/j.1365-2966.2007.12111.x},
archivePrefix = {arXiv},
       eprint = {0706.2627},
 primaryClass = {astro-ph},
       adsurl = {https://ui.adsabs.harvard.edu/abs/2007MNRAS.380..749F},
      adsnote = {Provided by the SAO/NASA Astrophysics Data System}
}

@ARTICLE{Ferguson2022,
       author = {{Ferguson}, P.~S. and {Shipp}, N. and {Drlica-Wagner}, A. and {Li}, T.~S. and {Cerny}, W. and {Tavangar}, K. and {Pace}, A.~B. and {Marshall}, J.~L. and {Riley}, A.~H. and {Adam{\'o}w}, M. and {Carlin}, J.~L. and {Choi}, Y. and {Erkal}, D. and {James}, D.~J. and {Koposov}, Sergey E. and {Kuropatkin}, N. and {Mart{\'\i}nez-V{\'a}zquez}, C.~E. and {Mau}, S. and {Mutlu-Pakdil}, B. and {Olsen}, K.~A.~G. and {Sakowska}, J.~D. and {Stringfellow}, G.~S. and {Yanny}, B. and {Yanny}, B.},
        title = "{DELVE-ing into the Jet: A Thin Stellar Stream on a Retrograde Orbit at 30 kpc}",
      journal = {\aj},
     keywords = {1054, 2166, 929, Astrophysics - Astrophysics of Galaxies},
         year = 2022,
        month = jan,
       volume = {163},
       number = {1},
          eid = {18},
        pages = {18},
          doi = {10.3847/1538-3881/ac3492},
archivePrefix = {arXiv},
       eprint = {2104.11755},
 primaryClass = {astro-ph.GA},
       adsurl = {https://ui.adsabs.harvard.edu/abs/2022AJ....163...18F},
      adsnote = {Provided by the SAO/NASA Astrophysics Data System}
}



@ARTICLE{Fu2018,
       author = {{Fu}, Sal Wanying and {Simon}, Joshua D. and {Shetrone}, Matthew and {Bovy}, Jo and {Beers}, Timothy C. and {Fern{\'a}ndez-Trincado}, J.~G. and {Placco}, Vinicius M. and {Zamora}, Olga and {Allende Prieto}, Carlos and {Garc{\'\i}a-Hern{\'a}ndez}, D.~A. and {Harding}, Paul and {Ivans}, Inese and {Lane}, Richard and {Nitschelm}, Christian and {Roman-Lopes}, Alexandre and {Sobeck}, Jennifer},
        title = "{The Origin of the 300 km s$^{-1}$ Stream near Segue 1}",
      journal = {\apj},
     keywords = {galaxies: dwarf, Galaxy: halo, Galaxy: structure, stars: kinematics and dynamics, Astrophysics - Astrophysics of Galaxies},
         year = 2018,
        month = oct,
       volume = {866},
       number = {1},
          eid = {42},
        pages = {42},
          doi = {10.3847/1538-4357/aad9f9},
archivePrefix = {arXiv},
       eprint = {1804.08622},
 primaryClass = {astro-ph.GA},
       adsurl = {https://ui.adsabs.harvard.edu/abs/2018ApJ...866...42F},
      adsnote = {Provided by the SAO/NASA Astrophysics Data System}
}


@ARTICLE{Grillmair1995,
       author = {{Grillmair}, Carl J. and {Freeman}, K.~C. and {Irwin}, M. and {Quinn}, P.~J.},
        title = "{Globular Clusters with Tidal Tails: Deep Two-Color Star Counts}",
      journal = {\aj},
     keywords = {GALAXY: HALO, GLOBULAR CLUSTERS: GENERAL, GALAXY: KINEMATICS AND DYNAMICS, Astrophysics},
         year = 1995,
        month = jun,
       volume = {109},
        pages = {2553},
          doi = {10.1086/117470},
archivePrefix = {arXiv},
       eprint = {astro-ph/9502039},
 primaryClass = {astro-ph},
       adsurl = {https://ui.adsabs.harvard.edu/abs/1995AJ....109.2553G},
      adsnote = {Provided by the SAO/NASA Astrophysics Data System}
}


@ARTICLE{Grillmair2006_acs,
       author = {{Grillmair}, C.~J. and {Dionatos}, O.},
        title = "{Detection of a 63{\textdegree} Cold Stellar Stream in the Sloan Digital Sky Survey}",
      journal = {\apjl},
     keywords = {Galaxy: Halo, Galaxy: Structure, Galaxy: Globular Clusters: General, Astrophysics},
         year = 2006,
        month = may,
       volume = {643},
       number = {1},
        pages = {L17-L20},
          doi = {10.1086/505111},
archivePrefix = {arXiv},
       eprint = {astro-ph/0604332},
 primaryClass = {astro-ph},
       adsurl = {https://ui.adsabs.harvard.edu/abs/2006ApJ...643L..17G},
      adsnote = {Provided by the SAO/NASA Astrophysics Data System}
}



@ARTICLE{Grillmair2006_5466,
       author = {{Grillmair}, C.~J. and {Johnson}, R.},
        title = "{The Detection of a 45{\textdegree} Tidal Stream Associated with the Globular Cluster NGC 5466}",
      journal = {\apjl},
     keywords = {Galaxy: Halo, Galaxy: Structure, Galaxy: Globular Clusters: General, Galaxy: Globular Clusters: Individual: NGC Number: NGC 5272, Galaxy: Globular Clusters: Individual: NGC Number: NGC 5466, Astrophysics},
         year = 2006,
        month = mar,
       volume = {639},
       number = {1},
        pages = {L17-L20},
          doi = {10.1086/501439},
archivePrefix = {arXiv},
       eprint = {astro-ph/0602602},
 primaryClass = {astro-ph},
       adsurl = {https://ui.adsabs.harvard.edu/abs/2006ApJ...639L..17G},
      adsnote = {Provided by the SAO/NASA Astrophysics Data System}
}

@ARTICLE{Grillmair2006_gd1,
       author = {{Grillmair}, C.~J. and {Dionatos}, O.},
        title = "{Detection of a 63{\textdegree} Cold Stellar Stream in the Sloan Digital Sky Survey}",
      journal = {\apjl},
     keywords = {Galaxy: Halo, Galaxy: Structure, Galaxy: Globular Clusters: General, Astrophysics},
         year = 2006,
        month = may,
       volume = {643},
       number = {1},
        pages = {L17-L20},
          doi = {10.1086/505111},
archivePrefix = {arXiv},
       eprint = {astro-ph/0604332},
 primaryClass = {astro-ph},
       adsurl = {https://ui.adsabs.harvard.edu/abs/2006ApJ...643L..17G},
      adsnote = {Provided by the SAO/NASA Astrophysics Data System}
}

@ARTICLE{Grillmair2006_orphan,
       author = {{Grillmair}, C.~J.},
        title = "{Detection of a 60{\textdegree}-long Dwarf Galaxy Debris Stream}",
      journal = {\apjl},
     keywords = {Galaxy: Halo, Galaxy: Structure, Galaxy: Globular Clusters: General, Astrophysics},
         year = 2006,
        month = jul,
       volume = {645},
       number = {1},
        pages = {L37-L40},
          doi = {10.1086/505863},
archivePrefix = {arXiv},
       eprint = {astro-ph/0605396},
 primaryClass = {astro-ph},
       adsurl = {https://ui.adsabs.harvard.edu/abs/2006ApJ...645L..37G},
      adsnote = {Provided by the SAO/NASA Astrophysics Data System}
}



@ARTICLE{Grillmair2009,
       author = {{Grillmair}, C.~J.},
        title = "{Four New Stellar Debris Streams in the Galactic Halo}",
      journal = {\apj},
     keywords = {Galaxy: halo, Galaxy: structure, globular clusters: general, Astrophysics},
         year = 2009,
        month = mar,
       volume = {693},
       number = {2},
        pages = {1118-1127},
          doi = {10.1088/0004-637X/693/2/1118},
archivePrefix = {arXiv},
       eprint = {0811.3965},
 primaryClass = {astro-ph},
       adsurl = {https://ui.adsabs.harvard.edu/abs/2009ApJ...693.1118G},
      adsnote = {Provided by the SAO/NASA Astrophysics Data System}
}

@INPROCEEDINGS{Grillmair2012,
       author = {{Grillmair}, C.~J.},
        title = "{A Matched Filter Analysis of SDSS DR8 Photometry in the Vicinity of the Cetus Polar Stream}",
    booktitle = {Galactic Archaeology: Near-Field Cosmology and the Formation of the Milky Way},
         year = 2012,
       editor = {{Aoki}, W. and {Ishigaki}, M. and {Suda}, T. and {Tsujimoto}, T. and {Arimoto}, N.},
       series = {Astronomical Society of the Pacific Conference Series},
       volume = {458},
        month = aug,
        pages = {219},
       adsurl = {https://ui.adsabs.harvard.edu/abs/2012ASPC..458..219G},
      adsnote = {Provided by the SAO/NASA Astrophysics Data System}
}


@ARTICLE{Grillmair2014,
       author = {{Grillmair}, C.~J.},
        title = "{Two New Halo Debris Streams in the Sloan Digital Sky Survey}",
      journal = {\apjl},
     keywords = {Galaxy: halo, Galaxy: structure, globular clusters: general, Astrophysics - Astrophysics of Galaxies},
         year = 2014,
        month = jul,
       volume = {790},
       number = {1},
          eid = {L10},
        pages = {L10},
          doi = {10.1088/2041-8205/790/1/L10},
archivePrefix = {arXiv},
       eprint = {1407.0397},
 primaryClass = {astro-ph.GA},
       adsurl = {https://ui.adsabs.harvard.edu/abs/2014ApJ...790L..10G},
      adsnote = {Provided by the SAO/NASA Astrophysics Data System}
}

@ARTICLE{Grillmair2013,
       author = {{Grillmair}, Carl J. and {Cutri}, Roc and {Masci}, Frank J. and {Conrow}, Tim and {Sesar}, Branimir and {Eisenhardt}, Peter R.~M. and {Wright}, Edward L.},
        title = "{Detection of a Nearby Halo Debris Stream in the WISE and 2MASS Surveys}",
      journal = {\apjl},
     keywords = {Galaxy: halo, Galaxy: structure, globular clusters: general, globular clusters: individual: NGC 288, Astrophysics - Astrophysics of Galaxies, Astrophysics - Cosmology and Nongalactic Astrophysics},
         year = 2013,
        month = jun,
       volume = {769},
       number = {2},
          eid = {L23},
        pages = {L23},
          doi = {10.1088/2041-8205/769/2/L23},
archivePrefix = {arXiv},
       eprint = {1304.1170},
 primaryClass = {astro-ph.GA},
       adsurl = {https://ui.adsabs.harvard.edu/abs/2013ApJ...769L..23G},
      adsnote = {Provided by the SAO/NASA Astrophysics Data System}
}

@INBOOK{GrillmairCarlin2016,
       author = {{Grillmair}, Carl J. and {Carlin}, Jeffrey L.},
        title = "{Stellar Streams and Clouds in the Galactic Halo}",
     keywords = {Physics, Astrophysics - Astrophysics of Galaxies},
    booktitle = {Tidal Streams in the Local Group and Beyond},
         year = 2016,
       editor = {{Newberg}, Heidi Jo and {Carlin}, Jeffrey L.},
       volume = {420},
        pages = {87},
          doi = {10.1007/978-3-319-19336-6\_4},
       adsurl = {https://ui.adsabs.harvard.edu/abs/2016ASSL..420...87G},
      adsnote = {Provided by the SAO/NASA Astrophysics Data System}
}

@ARTICLE{Grillmair2017,
       author = {{Grillmair}, Carl J.},
        title = "{Tails from the Orphanage}",
      journal = {\apj},
     keywords = {Galaxy: halo, Galaxy: structure, Astrophysics - Astrophysics of Galaxies},
         year = 2017,
        month = jan,
       volume = {834},
       number = {2},
          eid = {98},
        pages = {98},
          doi = {10.3847/1538-4357/834/2/98},
archivePrefix = {arXiv},
       eprint = {1612.03181},
 primaryClass = {astro-ph.GA},
       adsurl = {https://ui.adsabs.harvard.edu/abs/2017ApJ...834...98G},
      adsnote = {Provided by the SAO/NASA Astrophysics Data System}
}

@ARTICLE{Grillmair2017_south,
       author = {{Grillmair}, Carl J.},
        title = "{At a Crossroads: Stellar Streams in the South Galactic Cap}",
      journal = {\apj},
     keywords = {Galaxy: halo, Galaxy: stellar content, Galaxy: structure, globular clusters: general, Astrophysics - Astrophysics of Galaxies},
         year = 2017,
        month = oct,
       volume = {847},
       number = {2},
          eid = {119},
        pages = {119},
          doi = {10.3847/1538-4357/aa8872},
archivePrefix = {arXiv},
       eprint = {1708.09029},
 primaryClass = {astro-ph.GA},
       adsurl = {https://ui.adsabs.harvard.edu/abs/2017ApJ...847..119G},
      adsnote = {Provided by the SAO/NASA Astrophysics Data System}
}

@ARTICLE{Grillmair2019,
       author = {{Grillmair}, Carl J.},
        title = "{Detection of a 50{\textdegree} long Trailing Tidal Tail for the Globular Cluster M5}",
      journal = {\apj},
     keywords = {Galaxy: Halo, Galaxy: Structure, Globular Clusters: general, Globular Clusters: individual: M5, Astrophysics - Astrophysics of Galaxies},
         year = 2019,
        month = oct,
       volume = {884},
       number = {2},
          eid = {174},
        pages = {174},
          doi = {10.3847/1538-4357/ab441d},
archivePrefix = {arXiv},
       eprint = {1909.05927},
 primaryClass = {astro-ph.GA},
       adsurl = {https://ui.adsabs.harvard.edu/abs/2019ApJ...884..174G},
      adsnote = {Provided by the SAO/NASA Astrophysics Data System}
}

@ARTICLE{Grillmair2022,
       author = {{Grillmair}, Carl J.},
        title = "{The Extended Tidal Tails of NGC 7089 (M2)}",
      journal = {arXiv e-prints},
     keywords = {Astrophysics - Astrophysics of Galaxies},
         year = 2022,
        month = mar,
          eid = {arXiv:2203.04425},
        pages = {arXiv:2203.04425},
archivePrefix = {arXiv},
       eprint = {2203.04425},
 primaryClass = {astro-ph.GA},
       adsurl = {https://ui.adsabs.harvard.edu/abs/2022arXiv220304425G},
      adsnote = {Provided by the SAO/NASA Astrophysics Data System}
}



@ARTICLE{Harris1996,
       author = {{Harris}, William E.},
        title = "{A Catalog of Parameters for Globular Clusters in the Milky Way}",
      journal = {\aj},
     keywords = {GLOBULAR CLUSTERS: GENERAL, CATALOGS},
         year = 1996,
        month = oct,
       volume = {112},
        pages = {1487},
          doi = {10.1086/118116},
       adsurl = {https://ui.adsabs.harvard.edu/abs/1996AJ....112.1487H},
      adsnote = {Provided by the SAO/NASA Astrophysics Data System}
}

@ARTICLE{Helmi1999,
       author = {{Helmi}, Amina and {White}, Simon D.~M. and {de Zeeuw}, P. Tim and {Zhao}, Hongsheng},
        title = "{Debris streams in the solar neighbourhood as relicts from the formation of the Milky Way}",
      journal = {\nat},
     keywords = {Astrophysics},
         year = 1999,
        month = nov,
       volume = {402},
       number = {6757},
        pages = {53-55},
          doi = {10.1038/46980},
archivePrefix = {arXiv},
       eprint = {astro-ph/9911041},
 primaryClass = {astro-ph},
       adsurl = {https://ui.adsabs.harvard.edu/abs/1999Natur.402...53H},
      adsnote = {Provided by the SAO/NASA Astrophysics Data System}
}

@ARTICLE{Helmi2017,
       author = {{Helmi}, Amina and {Veljanoski}, Jovan and {Breddels}, Maarten A. and {Tian}, Hao and {Sales}, Laura V.},
        title = "{A box full of chocolates: The rich structure of the nearby stellar halo revealed by Gaia and RAVE}",
      journal = {\aap},
     keywords = {Galaxy: kinematics and dynamics, Galaxy: halo, solar neighborhood, Astrophysics - Astrophysics of Galaxies},
         year = 2017,
        month = feb,
       volume = {598},
          eid = {A58},
        pages = {A58},
          doi = {10.1051/0004-6361/201629990},
archivePrefix = {arXiv},
       eprint = {1611.00222},
 primaryClass = {astro-ph.GA},
       adsurl = {https://ui.adsabs.harvard.edu/abs/2017A&A...598A..58H},
      adsnote = {Provided by the SAO/NASA Astrophysics Data System}
}



@ARTICLE{Helmi2018_enceladus,
       author = {{Helmi}, Amina and {Babusiaux}, Carine and {Koppelman}, Helmer H. and {Massari}, Davide and {Veljanoski}, Jovan and {Brown}, Anthony G.~A.},
        title = "{The merger that led to the formation of the Milky Way's inner stellar halo and thick disk}",
      journal = {\nat},
     keywords = {Astrophysics - Astrophysics of Galaxies},
         year = 2018,
        month = oct,
       volume = {563},
       number = {7729},
        pages = {85-88},
          doi = {10.1038/s41586-018-0625-x},
archivePrefix = {arXiv},
       eprint = {1806.06038},
 primaryClass = {astro-ph.GA},
       adsurl = {https://ui.adsabs.harvard.edu/abs/2018Natur.563...85H},
      adsnote = {Provided by the SAO/NASA Astrophysics Data System}
}

@ARTICLE{Helmi2020,
       author = {{Helmi}, Amina},
        title = "{Streams, Substructures, and the Early History of the Milky Way}",
      journal = {\araa},
     keywords = {Astrophysics - Astrophysics of Galaxies},
         year = 2020,
        month = aug,
       volume = {58},
        pages = {205-256},
          doi = {10.1146/annurev-astro-032620-021917},
archivePrefix = {arXiv},
       eprint = {2002.04340},
 primaryClass = {astro-ph.GA},
       adsurl = {https://ui.adsabs.harvard.edu/abs/2020ARA&A..58..205H},
      adsnote = {Provided by the SAO/NASA Astrophysics Data System}
}



@ARTICLE{Ibata2001,
       author = {{Ibata}, Rodrigo and {Irwin}, Michael and {Lewis}, Geraint F. and {Stolte}, Andrea},
        title = "{Galactic Halo Substructure in the Sloan Digital Sky Survey: The Ancient Tidal Stream from the Sagittarius Dwarf Galaxy}",
      journal = {\apjl},
     keywords = {Galaxies: Halos, Galaxies: Individual: Name: Sagittarius, Galaxies: Kinematics and Dynamics, Galaxy: Halo, Galaxy: Structure, Galaxies: Local Group, Astrophysics},
         year = 2001,
        month = feb,
       volume = {547},
       number = {2},
        pages = {L133-L136},
          doi = {10.1086/318894},
archivePrefix = {arXiv},
       eprint = {astro-ph/0004255},
 primaryClass = {astro-ph},
       adsurl = {https://ui.adsabs.harvard.edu/abs/2001ApJ...547L.133I},
      adsnote = {Provided by the SAO/NASA Astrophysics Data System}
}

@ARTICLE{Ibata2019,
       author = {{Ibata}, Rodrigo A. and {Malhan}, Khyati and {Martin}, Nicolas F.},
        title = "{The Streams of the Gaping Abyss: A Population of Entangled Stellar Streams Surrounding the Inner Galaxy}",
      journal = {\apj},
     keywords = {galaxies: formation, Galaxy: halo, Galaxy: stellar content, Galaxy: structure, surveys, Astrophysics - Astrophysics of Galaxies},
         year = 2019,
        month = feb,
       volume = {872},
       number = {2},
          eid = {152},
        pages = {152},
          doi = {10.3847/1538-4357/ab0080},
archivePrefix = {arXiv},
       eprint = {1901.07566},
 primaryClass = {astro-ph.GA},
       adsurl = {https://ui.adsabs.harvard.edu/abs/2019ApJ...872..152I},
      adsnote = {Provided by the SAO/NASA Astrophysics Data System}
}

@ARTICLE{Ibata2019_OCen,
       author = {{Ibata}, Rodrigo A. and {Bellazzini}, Michele and {Malhan}, Khyati and {Martin}, Nicolas and {Bianchini}, Paolo},
        title = "{Identification of the long stellar stream of the prototypical massive globular cluster {\ensuremath{\omega}} Centauri}",
      journal = {Nature Astronomy},
     keywords = {Astrophysics - Astrophysics of Galaxies},
         year = 2019,
        month = apr,
       volume = {3},
        pages = {667-672},
          doi = {10.1038/s41550-019-0751-x},
archivePrefix = {arXiv},
       eprint = {1902.09544},
 primaryClass = {astro-ph.GA},
       adsurl = {https://ui.adsabs.harvard.edu/abs/2019NatAs...3..667I},
      adsnote = {Provided by the SAO/NASA Astrophysics Data System}
}


@ARTICLE{Ibata2021,
	doi = {10.3847/1538-4357/abfcc2},
	url = {https://doi.org/10.3847/1538-4357/abfcc2},
	year = 2021,
	month = {jun},
	publisher = {American Astronomical Society},
	volume = {914},
	number = {2},
	pages = {123},
	author = {Rodrigo Ibata and Khyati Malhan and Nicolas Martin and Dominique Aubert and Benoit Famaey and Paolo Bianchini and Giacomo Monari and Arnaud Siebert and Guillaume F. Thomas and Michele Bellazzini and Piercarlo Bonifacio and Elisabetta Caffau and Florent Renaud},
	title = {Charting the Galactic Acceleration Field. I. A Search for Stellar Streams with Gaia {DR}2 and {EDR}3 with Follow-up from {ESPaDOnS} and {UVES}},
	journal = {The Astrophysical Journal},
	abstract = {We present maps of the stellar streams detected in the Gaia Data Release 2 (DR2) and Early Data Release 3 (EDR3) catalogs using the STREAMFINDER algorithm. We also report the spectroscopic follow-up of the brighter DR2 stream members obtained with the high-resolution CFHT/ESPaDOnS and VLT/UVES spectrographs as well as with the medium-resolution NTT/EFOSC2 spectrograph. Two new stellar streams that do not have a clear progenitor are detected in DR2 (named Hríd and Gunnthrá), and seven are detected in EDR3 (named Gaia-6 to Gaia-12). Several candidate streams are also identified. The software also finds very long tidal tails associated with the 15 globular clusters: NGC 288, NGC 1261, NGC 1851, NGC 2298, NGC 2808, NGC 3201, M68, ωCen, NGC 5466, Palomar 5, M5, NGC 6101, M92, NGC 6397, and NGC 7089. These stellar streams will be used in subsequent contributions in this series to chart the properties of the Galactic acceleration field on ∼100 pc to ∼100 kpc scales.}
}

@ARTICLE{Jensen2021,
       author = {{Jensen}, Jaclyn and {Thomas}, Guillaume and {McConnachie}, Alan W. and {Starkenburg}, Else and {Malhan}, Khyati and {Navarro}, Julio and {Martin}, Nicolas and {Famaey}, Benoit and {Ibata}, Rodrigo and {Chapman}, Scott and {Cuillandre}, Jean-Charles and {Gwyn}, Stephen},
        title = "{Uncovering fossils of the distant Milky Way with UNIONS: NGC 5466 and its stellar stream}",
      journal = {\mnras},
     keywords = {globular clusters: individual: NGC 5466, Galaxy: halo, Galaxy: kinematics and dynamics, Galaxy: structure, Astrophysics - Astrophysics of Galaxies},
         year = 2021,
        month = oct,
       volume = {507},
       number = {2},
        pages = {1923-1936},
          doi = {10.1093/mnras/stab2325},
archivePrefix = {arXiv},
       eprint = {2108.04340},
 primaryClass = {astro-ph.GA},
       adsurl = {https://ui.adsabs.harvard.edu/abs/2021MNRAS.507.1923J},
      adsnote = {Provided by the SAO/NASA Astrophysics Data System}
}



@ARTICLE{Jethwa2018,
       author = {{Jethwa}, P. and {Torrealba}, G. and {Navarrete}, C. and {Carballo-Bello}, J.~A. and {de Boer}, T. and {Erkal}, D. and {Koposov}, S.~E. and {Duffau}, S. and {Geisler}, D. and {Catelan}, M. and {Belokurov}, V.},
        title = "{Discovery of a thin stellar stream in the SLAMS survey}",
      journal = {\mnras},
     keywords = {surveys, catalogues, stars: general, Galaxy halo, Astrophysics - Astrophysics of Galaxies},
         year = 2018,
        month = nov,
       volume = {480},
       number = {4},
        pages = {5342-5351},
          doi = {10.1093/mnras/sty2226},
archivePrefix = {arXiv},
       eprint = {1711.09103},
 primaryClass = {astro-ph.GA},
       adsurl = {https://ui.adsabs.harvard.edu/abs/2018MNRAS.480.5342J},
      adsnote = {Provided by the SAO/NASA Astrophysics Data System}
}


@ARTICLE{Johnston1996,
       author = {{Johnston}, Kathryn V. and {Hernquist}, Lars and {Bolte}, Michael},
        title = "{Fossil Signatures of Ancient Accretion Events in the Halo}",
      journal = {\apj},
     keywords = {GALAXIES: INTERACTIONS, GALAXY: HALO, METHODS: NUMERICAL, Astrophysics},
         year = 1996,
        month = jul,
       volume = {465},
        pages = {278},
          doi = {10.1086/177418},
archivePrefix = {arXiv},
       eprint = {astro-ph/9602060},
 primaryClass = {astro-ph},
       adsurl = {https://ui.adsabs.harvard.edu/abs/1996ApJ...465..278J},
      adsnote = {Provided by the SAO/NASA Astrophysics Data System}
}



@ARTICLE{Johnston2002,
       author = {{Johnston}, Kathryn V. and {Spergel}, David N. and {Haydn}, Christian},
        title = "{How Lumpy Is the Milky Way's Dark Matter Halo?}",
      journal = {\apj},
     keywords = {Cosmology: Dark Matter, Galaxy: Halo, Galaxy: Kinematics and Dynamics, Galaxy: Structure, Astrophysics},
         year = 2002,
        month = may,
       volume = {570},
       number = {2},
        pages = {656-664},
          doi = {10.1086/339791},
archivePrefix = {arXiv},
       eprint = {astro-ph/0111196},
 primaryClass = {astro-ph},
       adsurl = {https://ui.adsabs.harvard.edu/abs/2002ApJ...570..656J},
      adsnote = {Provided by the SAO/NASA Astrophysics Data System}
}

@ARTICLE{Johnston2005,
       author = {{Johnston}, Kathryn V. and {Law}, David R. and {Majewski}, Steven R.},
        title = "{A Two Micron All Sky Survey View of the Sagittarius Dwarf Galaxy. III. Constraints on the Flattening of the Galactic Halo}",
      journal = {\apj},
     keywords = {Galaxies: Individual: Name: Sagittarius, Galaxies: Stellar Content, Galaxy: Halo, Galaxy: Kinematics and Dynamics, Galaxy: Structure, Galaxies: Local Group, Astrophysics},
         year = 2005,
        month = feb,
       volume = {619},
       number = {2},
        pages = {800-806},
          doi = {10.1086/426777},
archivePrefix = {arXiv},
       eprint = {astro-ph/0407565},
 primaryClass = {astro-ph},
       adsurl = {https://ui.adsabs.harvard.edu/abs/2005ApJ...619..800J},
      adsnote = {Provided by the SAO/NASA Astrophysics Data System}
}

@ARTICLE{Koppelman2019,
       author = {{Koppelman}, Helmer H. and {Helmi}, Amina and {Massari}, Davide and {Price-Whelan}, Adrian M. and {Starkenburg}, Tjitske K.},
        title = "{Multiple retrograde substructures in the Galactic halo: A shattered view of Galactic history}",
      journal = {\aap},
     keywords = {Galaxy: halo, solar neighborhood, Galaxy: kinematics and dynamics, Galaxy: formation, Galaxy: evolution, Astrophysics - Astrophysics of Galaxies},
         year = 2019,
        month = nov,
       volume = {631},
          eid = {L9},
        pages = {L9},
          doi = {10.1051/0004-6361/201936738},
archivePrefix = {arXiv},
       eprint = {1909.08924},
 primaryClass = {astro-ph.GA},
       adsurl = {https://ui.adsabs.harvard.edu/abs/2019A&A...631L...9K},
      adsnote = {Provided by the SAO/NASA Astrophysics Data System}
}



@ARTICLE{Koposov2010,
       author = {{Koposov}, Sergey E. and {Rix}, Hans-Walter and {Hogg}, David W.},
        title = "{Constraining the Milky Way Potential with a Six-Dimensional Phase-Space Map of the GD-1 Stellar Stream}",
      journal = {\apj},
     keywords = {Galaxy: fundamental parameters, Galaxy: halo, Galaxy: kinematics and dynamics, methods: statistical, stars: kinematics and dynamics, surveys, Astrophysics - Galaxy Astrophysics, Astrophysics - Cosmology and Extragalactic Astrophysics},
         year = 2010,
        month = mar,
       volume = {712},
       number = {1},
        pages = {260-273},
          doi = {10.1088/0004-637X/712/1/260},
archivePrefix = {arXiv},
       eprint = {0907.1085},
 primaryClass = {astro-ph.GA},
       adsurl = {https://ui.adsabs.harvard.edu/abs/2010ApJ...712..260K},
      adsnote = {Provided by the SAO/NASA Astrophysics Data System}
}



@ARTICLE{Koposov2014,
       author = {{Koposov}, S.~E. and {Irwin}, M. and {Belokurov}, V. and {Gonzalez-Solares}, E. and {Yoldas}, A.~K. and {Lewis}, J. and {Metcalfe}, N. and {Shanks}, T.},
        title = "{Discovery of a cold stellar stream in the ATLAS DR1 data.}",
      journal = {\mnras},
     keywords = {Galaxy: fundamental parameters, Galaxy: halo, Galaxy: kinematics and dynamics, Astrophysics - Astrophysics of Galaxies},
         year = 2014,
        month = jul,
       volume = {442},
        pages = {L85-L89},
          doi = {10.1093/mnrasl/slu060},
archivePrefix = {arXiv},
       eprint = {1403.3409},
 primaryClass = {astro-ph.GA},
       adsurl = {https://ui.adsabs.harvard.edu/abs/2014MNRAS.442L..85K},
      adsnote = {Provided by the SAO/NASA Astrophysics Data System}
}

@ARTICLE{Koposov2019,
       author = {{Koposov}, S.~E. and {Belokurov}, V. and {Li}, T.~S. and {Mateu}, C. and {Erkal}, D. and {Grillmair}, C.~J. and {Hendel}, D. and {Price-Whelan}, A.~M. and {Laporte}, C.~F.~P. and {Hawkins}, K. and {Sohn}, S.~T. and {del Pino}, A. and {Evans}, N.~W. and {Slater}, C.~T. and {Kallivayalil}, N. and {Navarro}, J.~F. and {Orphan Aspen Treasury Collaboration}},
        title = "{Piercing the Milky Way: an all-sky view of the Orphan Stream}",
      journal = {\mnras},
     keywords = {Galaxy: halo, Galaxy: kinematics and dynamics, Galaxy: structure, galaxies: dwarf, galaxies: structure, Astrophysics - Astrophysics of Galaxies},
         year = 2019,
        month = jun,
       volume = {485},
       number = {4},
        pages = {4726-4742},
          doi = {10.1093/mnras/stz457},
archivePrefix = {arXiv},
       eprint = {1812.08172},
 primaryClass = {astro-ph.GA},
       adsurl = {https://ui.adsabs.harvard.edu/abs/2019MNRAS.485.4726K},
      adsnote = {Provided by the SAO/NASA Astrophysics Data System}
}

@ARTICLE{Law2005,
       author = {{Law}, David R. and {Johnston}, Kathryn V. and {Majewski}, Steven R.},
        title = "{A Two Micron All-Sky Survey View of the Sagittarius Dwarf Galaxy. IV. Modeling the Sagittarius Tidal Tails}",
      journal = {\apj},
     keywords = {Galaxies: Individual: Name: Sagittarius, Galaxies: Stellar Content, Galaxy: Halo, Galaxy: Kinematics and Dynamics, Galaxy: Structure, Galaxies: Local Group, Astrophysics},
         year = 2005,
        month = feb,
       volume = {619},
       number = {2},
        pages = {807-823},
          doi = {10.1086/426779},
archivePrefix = {arXiv},
       eprint = {astro-ph/0407566},
 primaryClass = {astro-ph},
       adsurl = {https://ui.adsabs.harvard.edu/abs/2005ApJ...619..807L},
      adsnote = {Provided by the SAO/NASA Astrophysics Data System}
}

@ARTICLE{LawMajewski2010,
       author = {{Law}, David R. and {Majewski}, Steven R.},
        title = "{The Sagittarius Dwarf Galaxy: A Model for Evolution in a Triaxial Milky Way Halo}",
      journal = {\apj},
     keywords = {dark matter, galaxies: individual: Sagittarius, Galaxy: kinematics and dynamics, Galaxy: structure, Astrophysics - Astrophysics of Galaxies},
         year = 2010,
        month = may,
       volume = {714},
       number = {1},
        pages = {229-254},
          doi = {10.1088/0004-637X/714/1/229},
archivePrefix = {arXiv},
       eprint = {1003.1132},
 primaryClass = {astro-ph.GA},
       adsurl = {https://ui.adsabs.harvard.edu/abs/2010ApJ...714..229L},
      adsnote = {Provided by the SAO/NASA Astrophysics Data System}
}




@ARTICLE{Li2016,
       author = {{Li}, T.~S. and {Balbinot}, E. and {Mondrik}, N. and {Marshall}, J.~L. and {Yanny}, B. and {Bechtol}, K. and {Drlica-Wagner}, A. and {Oscar}, D. and {Santiago}, B. and {Simon}, J.~D. and {Vivas}, A.~K. and {Walker}, A.~R. and {Wang}, M.~Y. and {Abbott}, T.~M.~C. and {Abdalla}, F.~B. and {Benoit-L{\'e}vy}, A. and {Bernstein}, G.~M. and {Bertin}, E. and {Brooks}, D. and {Burke}, D.~L. and {Carnero Rosell}, A. and {Carrasco Kind}, M. and {Carretero}, J. and {da Costa}, L.~N. and {DePoy}, D.~L. and {Desai}, S. and {Diehl}, H.~T. and {Doel}, P. and {Estrada}, J. and {Finley}, D.~A. and {Flaugher}, B. and {Frieman}, J. and {Gruen}, D. and {Gruendl}, R.~A. and {Gutierrez}, G. and {Honscheid}, K. and {James}, D.~J. and {Kuehn}, K. and {Kuropatkin}, N. and {Lahav}, O. and {Maia}, M.~A.~G. and {March}, M. and {Martini}, P. and {Ogando}, R. and {Plazas}, A.~A. and {Reil}, K. and {Romer}, A.~K. and {Roodman}, A. and {Sanchez}, E. and {Scarpine}, V. and {Schubnell}, M. and {Sevilla-Noarbe}, I. and {Smith}, R.~C. and {Soares-Santos}, M. and {Sobreira}, F. and {Suchyta}, E. and {Swanson}, M.~E.~C. and {Tarle}, G. and {Tucker}, D. and {Zhang}, Y. and {DES Collaboration}},
        title = "{Discovery of a Stellar Overdensity in Eridanus-Phoenix in the Dark Energy Survey}",
      journal = {\apj},
     keywords = {galaxy: formation, galaxy: halo, galaxy: structure, local group, Astrophysics - Astrophysics of Galaxies},
         year = 2016,
        month = feb,
       volume = {817},
       number = {2},
          eid = {135},
        pages = {135},
          doi = {10.3847/0004-637X/817/2/135},
archivePrefix = {arXiv},
       eprint = {1509.04296},
 primaryClass = {astro-ph.GA},
       adsurl = {https://ui.adsabs.harvard.edu/abs/2016ApJ...817..135L},
      adsnote = {Provided by the SAO/NASA Astrophysics Data System}
}

@ARTICLE{Li2018,
       author = {{Li}, T.~S. and {Simon}, J.~D. and {Kuehn}, K. and {Pace}, A.~B. and {Erkal}, D. and {Bechtol}, K. and {Yanny}, B. and {Drlica-Wagner}, A. and {Marshall}, J.~L. and {Lidman}, C. and {Balbinot}, E. and {Carollo}, D. and {Jenkins}, S. and {Mart{\'\i}nez-V{\'a}zquez}, C.~E. and {Shipp}, N. and {Stringer}, K.~M. and {Vivas}, A.~K. and {Walker}, A.~R. and {Wechsler}, R.~H. and {Abdalla}, F.~B. and {Allam}, S. and {Annis}, J. and {Avila}, S. and {Bertin}, E. and {Brooks}, D. and {Buckley-Geer}, E. and {Burke}, D.~L. and {Carnero Rosell}, A. and {Carrasco Kind}, M. and {Carretero}, J. and {Cunha}, C.~E. and {D'Andrea}, C.~B. and {da Costa}, L.~N. and {Davis}, C. and {De Vicente}, J. and {Doel}, P. and {Eifler}, T.~F. and {Evrard}, A.~E. and {Flaugher}, B. and {Frieman}, J. and {Garc{\'\i}a-Bellido}, J. and {Gaztanaga}, E. and {Gerdes}, D.~W. and {Gruen}, D. and {Gruendl}, R.~A. and {Gschwend}, J. and {Gutierrez}, G. and {Hartley}, W.~G. and {Hollowood}, D.~L. and {Honscheid}, K. and {James}, D.~J. and {Krause}, E. and {Maia}, M.~A.~G. and {March}, M. and {Menanteau}, F. and {Miquel}, R. and {Plazas}, A.~A. and {Sanchez}, E. and {Santiago}, B. and {Scarpine}, V. and {Schindler}, R. and {Schubnell}, M. and {Sevilla-Noarbe}, I. and {Smith}, M. and {Smith}, R.~C. and {Soares-Santos}, M. and {Sobreira}, F. and {Suchyta}, E. and {Swanson}, M.~E.~C. and {Tarle}, G. and {Tucker}, D.~L. and {DES Collaboration}},
        title = "{The First Tidally Disrupted Ultra-faint Dwarf Galaxy?: A Spectroscopic Analysis of the Tucana III Stream}",
      journal = {\apj},
     keywords = {dark matter, galaxies: dwarf, galaxies: individual: Tucana III, Local Group, stars: abundances, Astrophysics - Astrophysics of Galaxies},
         year = 2018,
        month = oct,
       volume = {866},
       number = {1},
          eid = {22},
        pages = {22},
          doi = {10.3847/1538-4357/aadf91},
archivePrefix = {arXiv},
       eprint = {1804.07761},
 primaryClass = {astro-ph.GA},
       adsurl = {https://ui.adsabs.harvard.edu/abs/2018ApJ...866...22L},
      adsnote = {Provided by the SAO/NASA Astrophysics Data System}
}


@ARTICLE{Li2021,
       author = {{Li}, Ting S. and {Koposov}, Sergey E. and {Erkal}, Denis and {Ji}, Alexander P. and {Shipp}, Nora and {Pace}, Andrew B. and {Hilmi}, Tariq and {Kuehn}, Kyler and {Lewis}, Geraint F. and {Mackey}, Dougal and {Simpson}, Jeffrey D. and {Wan}, Zhen and {Zucker}, Daniel B. and {Bland-Hawthorn}, Joss and {Cullinane}, Lara R. and {Da Costa}, Gary S. and {Drlica-Wagner}, Alex and {Hattori}, Kohei and {Martell}, Sarah L. and {Sharma}, Sanjib and {S5 Collaboration}},
        title = "{Broken into Pieces: ATLAS and Aliqa Uma as One Single Stream}",
      journal = {\apj},
     keywords = {Tidal disruption, Stellar kinematics, Stellar motion, Stellar associations, Metallicity, Stellar abundances, Dark matter, Milky Way dark matter halo, Stellar streams, Milky Way dynamics, 1696, 1608, 1615, 1582, 1031, 1577, 353, 1049, 2166, 1051, Astrophysics - Astrophysics of Galaxies},
         year = 2021,
        month = apr,
       volume = {911},
       number = {2},
          eid = {149},
        pages = {149},
          doi = {10.3847/1538-4357/abeb18},
archivePrefix = {arXiv},
       eprint = {2006.10763},
 primaryClass = {astro-ph.GA},
       adsurl = {https://ui.adsabs.harvard.edu/abs/2021ApJ...911..149L},
      adsnote = {Provided by the SAO/NASA Astrophysics Data System}
}

@ARTICLE{Li2022,
       author = {{Li}, Ting S. and {Ji}, Alexander P. and {Pace}, Andrew B. and {Erkal}, Denis and {Koposov}, Sergey E. and {Shipp}, Nora and {Da Costa}, Gary S. and {Cullinane}, Lara R. and {Kuehn}, Kyler and {Lewis}, Geraint F. and {Mackey}, Dougal and {Simpson}, Jeffrey D. and {Zucker}, Daniel B. and {Ferguson}, Peter S. and {Martell}, Sarah L. and {Bland-Hawthorn}, Joss and {Balbinot}, Eduardo and {Tavangar}, Kiyan and {Drlica-Wagner}, Alex and {De Silva}, Gayandhi M. and {Simon}, Joshua D.},
        title = "{S $^{5}$: The Orbital and Chemical Properties of One Dozen Stellar Streams}",
      journal = {\apj},
     keywords = {Local Group, Milky Way Galaxy, Stellar streams, Globular star clusters, Dwarf galaxies, Stellar kinematics, 929, 1054, 2166, 656, 416, 1608, Astrophysics - Astrophysics of Galaxies},
         year = 2022,
        month = mar,
       volume = {928},
       number = {1},
          eid = {30},
        pages = {30},
          doi = {10.3847/1538-4357/ac46d3},
archivePrefix = {arXiv},
       eprint = {2110.06950},
 primaryClass = {astro-ph.GA},
       adsurl = {https://ui.adsabs.harvard.edu/abs/2022ApJ...928...30L},
      adsnote = {Provided by the SAO/NASA Astrophysics Data System}
}


@ARTICLE{Majewski2003,
       author = {{Majewski}, Steven R. and {Skrutskie}, M.~F. and {Weinberg}, Martin D. and {Ostheimer}, James C.},
        title = "{A Two Micron All Sky Survey View of the Sagittarius Dwarf Galaxy. I. Morphology of the Sagittarius Core and Tidal Arms}",
      journal = {\apj},
     keywords = {Galaxies: Individual: Name: Sagittarius Dwarf, Galaxies: Stellar Content, Galaxy: Halo, Galaxy: Kinematics and Dynamics, Galaxy: Structure, Galaxies: Local Group, Astrophysics},
         year = 2003,
        month = dec,
       volume = {599},
       number = {2},
        pages = {1082-1115},
          doi = {10.1086/379504},
archivePrefix = {arXiv},
       eprint = {astro-ph/0304198},
 primaryClass = {astro-ph},
       adsurl = {https://ui.adsabs.harvard.edu/abs/2003ApJ...599.1082M},
      adsnote = {Provided by the SAO/NASA Astrophysics Data System}
}



@ARTICLE{Malhan2018,
       author = {{Malhan}, Khyati and {Ibata}, Rodrigo A.},
        title = "{STREAMFINDER - I. A new algorithm for detecting stellar streams}",
      journal = {\mnras},
     keywords = {stars: kinematics and dynamics, Galaxy: halo, Galaxy: kinematics and dynamics, Galaxy: structure, Astrophysics - Astrophysics of Galaxies},
         year = 2018,
        month = jul,
       volume = {477},
       number = {3},
        pages = {4063-4076},
          doi = {10.1093/mnras/sty912},
archivePrefix = {arXiv},
       eprint = {1804.11338},
 primaryClass = {astro-ph.GA},
       adsurl = {https://ui.adsabs.harvard.edu/abs/2018MNRAS.477.4063M},
      adsnote = {Provided by the SAO/NASA Astrophysics Data System}
}

@ARTICLE{Malhan2019,
       author = {{Malhan}, Khyati and {Ibata}, Rodrigo A. and {Carlberg}, Raymond G. and {Valluri}, Monica and {Freese}, Katherine},
        title = "{Butterfly in a Cocoon, Understanding the Origin and Morphology of Globular Cluster Streams: The Case of GD-1}",
      journal = {\apj},
     keywords = {Galaxy: formation, Galaxy: halo, Galaxy: structure, globular clusters: general, stars: kinematics and dynamics, Astrophysics - Astrophysics of Galaxies},
         year = 2019,
        month = aug,
       volume = {881},
       number = {2},
          eid = {106},
        pages = {106},
          doi = {10.3847/1538-4357/ab2e07},
archivePrefix = {arXiv},
       eprint = {1903.08141},
 primaryClass = {astro-ph.GA},
       adsurl = {https://ui.adsabs.harvard.edu/abs/2019ApJ...881..106M},
      adsnote = {Provided by the SAO/NASA Astrophysics Data System}
}



@ARTICLE{Malhan2021,
       author = {{Malhan}, Khyati and {Yuan}, Zhen and {Ibata}, Rodrigo A. and {Arentsen}, Anke and {Bellazzini}, Michele and {Martin}, Nicolas F.},
        title = "{Evidence of a Dwarf Galaxy Stream Populating the Inner Milky Way Halo}",
      journal = {\apj},
     keywords = {Milky Way stellar halo, Stellar streams, Milky Way formation, Surveys, Galaxy stellar content, Galaxy structure, 1060, 2166, 1053, 1671, 621, 622, Astrophysics - Astrophysics of Galaxies},
         year = 2021,
        month = oct,
       volume = {920},
       number = {1},
          eid = {51},
        pages = {51},
          doi = {10.3847/1538-4357/ac1675},
archivePrefix = {arXiv},
       eprint = {2104.09523},
 primaryClass = {astro-ph.GA},
       adsurl = {https://ui.adsabs.harvard.edu/abs/2021ApJ...920...51M},
      adsnote = {Provided by the SAO/NASA Astrophysics Data System}
}



@ARTICLE{Martin2013,
       author = {{Martin}, Charles and {Carlin}, Jeffrey L. and {Newberg}, Heidi Jo and {Grillmair}, Carl},
        title = "{Kinematic Discovery of a Stellar Stream Located in Pisces}",
      journal = {\apjl},
     keywords = {Galaxy: kinematics and dynamics, Galaxy: stellar content, Galaxy: structure, Astrophysics - Astrophysics of Galaxies},
         year = 2013,
        month = mar,
       volume = {765},
       number = {2},
          eid = {L39},
        pages = {L39},
          doi = {10.1088/2041-8205/765/2/L39},
archivePrefix = {arXiv},
       eprint = {1302.2155},
 primaryClass = {astro-ph.GA},
       adsurl = {https://ui.adsabs.harvard.edu/abs/2013ApJ...765L..39M},
      adsnote = {Provided by the SAO/NASA Astrophysics Data System}
}

@ARTICLE{Martin2022,
       author = {{Martin}, Nicolas F. and {Venn}, Kim A. and {Aguado}, David S. and {Starkenburg}, Else and {Gonz{\'a}lez Hern{\'a}ndez}, Jonay I. and {Ibata}, Rodrigo A. and {Bonifacio}, Piercarlo and {Caffau}, Elisabetta and {Sestito}, Federico and {Arentsen}, Anke and {Allende Prieto}, Carlos and {Carlberg}, Raymond G. and {Fabbro}, S{\'e}bastien and {Fouesneau}, Morgan and {Hill}, Vanessa and {Jablonka}, Pascale and {Kordopatis}, Georges and {Lardo}, Carmela and {Malhan}, Khyati and {Mashonkina}, Lyudmila I. and {McConnachie}, Alan W. and {Navarro}, Julio F. and {S{\'a}nchez-Janssen}, Rub{\'e}n and {Thomas}, Guillaume F. and {Yuan}, Zhen and {Mucciarelli}, Alessio},
        title = "{A stellar stream remnant of a globular cluster below the metallicity floor}",
      journal = {\nat},
     keywords = {Astrophysics - Astrophysics of Galaxies},
         year = 2022,
        month = jan,
       volume = {601},
       number = {7891},
        pages = {45-48},
          doi = {10.1038/s41586-021-04162-2},
archivePrefix = {arXiv},
       eprint = {2201.01309},
 primaryClass = {astro-ph.GA},
       adsurl = {https://ui.adsabs.harvard.edu/abs/2022Natur.601...45M},
      adsnote = {Provided by the SAO/NASA Astrophysics Data System}
}

@ARTICLE{Mateo1996,
       author = {{Mateo}, Mario and {Mirabal}, Nestor and {Udalski}, A. and {Szymanski}, M. and {Kaluzny}, J. and {Kubiak}, M. and {Krzeminski}, W. and {Stanek}, K.~Z.},
        title = "{Discovery of a Tidal Extension of the Sagittarius Dwarf Spheroidal Galaxy}",
      journal = {\apjl},
     keywords = {GALAXIES: INDIVIDUAL NAME: SAGITTARIUS, GALAXY: HALO, GALAXIES: LOCAL GROUP},
         year = 1996,
        month = feb,
       volume = {458},
        pages = {L13},
          doi = {10.1086/309919},
       adsurl = {https://ui.adsabs.harvard.edu/abs/1996ApJ...458L..13M},
      adsnote = {Provided by the SAO/NASA Astrophysics Data System}
}

@ARTICLE{Mateo1998,
       author = {{Mateo}, Mario and {Olszewski}, Edward W. and {Morrison}, Heather L.},
        title = "{Tracing the Outer Structure of the Sagittarius Dwarf Galaxy:Detections at Angular Distances between 10{\textdegree} and 34{\textdegree}}",
      journal = {\apjl},
     keywords = {GALAXIES: INDIVIDUAL: NAME: SAGITTARIUS DSPH, GALAXIES: INTERACTIONS, GALAXY: HALO, GALAXY: STRUCTURE, GALAXIES: LOCAL GROUP, Galaxies: Individual: Name: Sagittarius dSph, Galaxies: Interactions, Galaxy: Halo, Galaxy: Structure, Galaxies: Local Group, Astrophysics},
         year = 1998,
        month = nov,
       volume = {508},
       number = {1},
        pages = {L55-L59},
          doi = {10.1086/311720},
archivePrefix = {arXiv},
       eprint = {astro-ph/9810015},
 primaryClass = {astro-ph},
       adsurl = {https://ui.adsabs.harvard.edu/abs/1998ApJ...508L..55M},
      adsnote = {Provided by the SAO/NASA Astrophysics Data System}
}


@ARTICLE{Mateu2018,
       author = {{Mateu}, Cecilia and {Read}, Justin I. and {Kawata}, Daisuke},
        title = "{Fourteen candidate RR Lyrae star streams in the inner Galaxy}",
      journal = {\mnras},
     keywords = {methods: data analysis, astronomical data bases: miscellaneous, stars: variables: RR Lyrae, Galaxy:halo, Galaxy: structure, Astrophysics - Astrophysics of Galaxies},
         year = 2018,
        month = mar,
       volume = {474},
       number = {3},
        pages = {4112-4129},
          doi = {10.1093/mnras/stx2937},
archivePrefix = {arXiv},
       eprint = {1711.03967},
 primaryClass = {astro-ph.GA},
       adsurl = {https://ui.adsabs.harvard.edu/abs/2018MNRAS.474.4112M},
      adsnote = {Provided by the SAO/NASA Astrophysics Data System}
}

@ARTICLE{Mateu2023,
       author = {{Mateu}, Cecilia},
        title = "{galstreams: A library of Milky Way stellar stream footprints and tracks}",
      journal = {\mnras},
     keywords = {Astronomical databases: catalogues, Software: public release, Galaxy: halo, Galaxy: structure, Astrophysics - Astrophysics of Galaxies},
         year = 2023,
        month = apr,
       volume = {520},
       number = {4},
        pages = {5225-5258},
          doi = {10.1093/mnras/stad321},
archivePrefix = {arXiv},
       eprint = {2204.10326},
 primaryClass = {astro-ph.GA},
       adsurl = {https://ui.adsabs.harvard.edu/abs/2023MNRAS.520.5225M},
      adsnote = {Provided by the SAO/NASA Astrophysics Data System}
}




@ARTICLE{Myeong2017,
       author = {{Myeong}, G.~C. and {Jerjen}, Helmut and {Mackey}, Dougal and {Da Costa}, Gary S.},
        title = "{Tidal Tails around the Outer Halo Globular Clusters Eridanus and Palomar 15}",
      journal = {\apjl},
     keywords = {globular clusters: general, globular clusters: individual: Eridanus, Palomar 15, Astrophysics - Astrophysics of Galaxies},
         year = 2017,
        month = may,
       volume = {840},
       number = {2},
          eid = {L25},
        pages = {L25},
          doi = {10.3847/2041-8213/aa6fb4},
archivePrefix = {arXiv},
       eprint = {1704.07690},
 primaryClass = {astro-ph.GA},
       adsurl = {https://ui.adsabs.harvard.edu/abs/2017ApJ...840L..25M},
      adsnote = {Provided by the SAO/NASA Astrophysics Data System}
}

@ARTICLE{Myeong2018,
       author = {{Myeong}, G.~C. and {Evans}, N.~W. and {Belokurov}, V. and {Amorisco}, N.~C. and {Koposov}, S.~E.},
        title = "{Halo substructure in the SDSS-Gaia catalogue: streams and clumps}",
      journal = {\mnras},
     keywords = {galaxies: kinematics and dynamics, galaxies: structure, Astrophysics - Astrophysics of Galaxies, Astrophysics - Cosmology and Nongalactic Astrophysics},
         year = 2018,
        month = apr,
       volume = {475},
       number = {2},
        pages = {1537-1548},
          doi = {10.1093/mnras/stx3262},
archivePrefix = {arXiv},
       eprint = {1712.04071},
 primaryClass = {astro-ph.GA},
       adsurl = {https://ui.adsabs.harvard.edu/abs/2018MNRAS.475.1537M},
      adsnote = {Provided by the SAO/NASA Astrophysics Data System}
}

@ARTICLE{Myeong2019,
       author = {{Myeong}, G.~C. and {Vasiliev}, E. and {Iorio}, G. and {Evans}, N.~W. and {Belokurov}, V.},
        title = "{Evidence for two early accretion events that built the Milky Way stellar halo}",
      journal = {\mnras},
     keywords = {Galaxy: formation, Galaxy: halo, Galaxy: kinematics and dynamics, Galaxy: stellar content, Astrophysics - Astrophysics of Galaxies, Astrophysics - Solar and Stellar Astrophysics},
         year = 2019,
        month = sep,
       volume = {488},
       number = {1},
        pages = {1235-1247},
          doi = {10.1093/mnras/stz1770},
archivePrefix = {arXiv},
       eprint = {1904.03185},
 primaryClass = {astro-ph.GA},
       adsurl = {https://ui.adsabs.harvard.edu/abs/2019MNRAS.488.1235M},
      adsnote = {Provided by the SAO/NASA Astrophysics Data System}
}

@ARTICLE{Naidu2020,
       author = {{Naidu}, Rohan P. and {Conroy}, Charlie and {Bonaca}, Ana and {Johnson}, Benjamin D. and {Ting}, Yuan-Sen and {Caldwell}, Nelson and {Zaritsky}, Dennis and {Cargile}, Phillip A.},
        title = "{Evidence from the H3 Survey That the Stellar Halo Is Entirely Comprised of Substructure}",
      journal = {\apj},
     keywords = {Galaxy stellar halos, Galaxy kinematics, Milky Way evolution, Galaxy evolution, Galaxy formation, Milky Way formation, Milky Way Galaxy, Milky Way stellar halo, 598, 602, 1052, 594, 595, 1053, 1054, 1060, Astrophysics - Astrophysics of Galaxies},
         year = 2020,
        month = sep,
       volume = {901},
       number = {1},
          eid = {48},
        pages = {48},
          doi = {10.3847/1538-4357/abaef4},
archivePrefix = {arXiv},
       eprint = {2006.08625},
 primaryClass = {astro-ph.GA},
       adsurl = {https://ui.adsabs.harvard.edu/abs/2020ApJ...901...48N},
      adsnote = {Provided by the SAO/NASA Astrophysics Data System}
}

@ARTICLE{Navarrete2017,
       author = {{Navarrete}, C. and {Belokurov}, V. and {Koposov}, S.~E.},
        title = "{The Discovery of Tidal Tails around the Globular Cluster NGC 7492 with Pan-STARRS1}",
      journal = {\apjl},
     keywords = {Galaxy: formation, Galaxy: halo, globular clusters: individual: NGC 7492, Astrophysics - Astrophysics of Galaxies},
         year = 2017,
        month = jun,
       volume = {841},
       number = {2},
          eid = {L23},
        pages = {L23},
          doi = {10.3847/2041-8213/aa72e1},
archivePrefix = {arXiv},
       eprint = {1705.04324},
 primaryClass = {astro-ph.GA},
       adsurl = {https://ui.adsabs.harvard.edu/abs/2017ApJ...841L..23N},
      adsnote = {Provided by the SAO/NASA Astrophysics Data System}
}



@ARTICLE{Necib2020,
       author = {{Necib}, Lina and {Ostdiek}, Bryan and {Lisanti}, Mariangela and {Cohen}, Timothy and {Freytsis}, Marat and {Garrison-Kimmel}, Shea and {Hopkins}, Philip F. and {Wetzel}, Andrew and {Sanderson}, Robyn},
        title = "{Evidence for a vast prograde stellar stream in the solar vicinity}",
      journal = {Nature Astronomy},
     keywords = {Astrophysics - Astrophysics of Galaxies, Astrophysics - Cosmology and Nongalactic Astrophysics, High Energy Physics - Phenomenology},
         year = 2020,
        month = jul,
       volume = {4},
        pages = {1078-1083},
          doi = {10.1038/s41550-020-1131-2},
archivePrefix = {arXiv},
       eprint = {1907.07190},
 primaryClass = {astro-ph.GA},
       adsurl = {https://ui.adsabs.harvard.edu/abs/2020NatAs...4.1078N},
      adsnote = {Provided by the SAO/NASA Astrophysics Data System}
}


@ARTICLE{Newberg2002,
       author = {{Newberg}, Heidi Jo and {Yanny}, Brian and {Rockosi}, Connie and {Grebel}, Eva K. and {Rix}, Hans-Walter and {Brinkmann}, Jon and {Csabai}, Istvan and {Hennessy}, Greg and {Hindsley}, Robert B. and {Ibata}, Rodrigo and {Ivezi{\'c}}, Zeljko and {Lamb}, Don and {Nash}, E. Thomas and {Odenkirchen}, Michael and {Rave}, Heather A. and {Schneider}, D.~P. and {Smith}, J. Allyn and {Stolte}, Andrea and {York}, Donald G.},
        title = "{The Ghost of Sagittarius and Lumps in the Halo of the Milky Way}",
      journal = {\apj},
     keywords = {Galaxy: Halo, Galaxy: Structure, Astrophysics},
         year = 2002,
        month = apr,
       volume = {569},
       number = {1},
        pages = {245-274},
          doi = {10.1086/338983},
archivePrefix = {arXiv},
       eprint = {astro-ph/0111095},
 primaryClass = {astro-ph},
       adsurl = {https://ui.adsabs.harvard.edu/abs/2002ApJ...569..245N},
      adsnote = {Provided by the SAO/NASA Astrophysics Data System}
}

@ARTICLE{Newberg2009,
       author = {{Newberg}, Heidi Jo and {Yanny}, Brian and {Willett}, Benjamin A.},
        title = "{Discovery of a New, Polar-Orbiting Debris Stream in the Milky Way Stellar Halo}",
      journal = {\apjl},
     keywords = {Galaxy: halo, Galaxy: structure, stars: kinematics, Astrophysics - Galaxy Astrophysics},
         year = 2009,
        month = aug,
       volume = {700},
       number = {2},
        pages = {L61-L64},
          doi = {10.1088/0004-637X/700/2/L61},
archivePrefix = {arXiv},
       eprint = {0906.3291},
 primaryClass = {astro-ph.GA},
       adsurl = {https://ui.adsabs.harvard.edu/abs/2009ApJ...700L..61N},
      adsnote = {Provided by the SAO/NASA Astrophysics Data System}
}



@ARTICLE{Newberg2010,
       author = {{Newberg}, Heidi Jo and {Willett}, Benjamin A. and {Yanny}, Brian and {Xu}, Yan},
        title = "{The Orbit of the Orphan Stream}",
      journal = {\apj},
     keywords = {Galaxy: halo, Galaxy: structure, stars: kinematics and dynamics, Astrophysics - Astrophysics of Galaxies},
         year = 2010,
        month = mar,
       volume = {711},
       number = {1},
        pages = {32-49},
          doi = {10.1088/0004-637X/711/1/32},
archivePrefix = {arXiv},
       eprint = {1001.0576},
 primaryClass = {astro-ph.GA},
       adsurl = {https://ui.adsabs.harvard.edu/abs/2010ApJ...711...32N},
      adsnote = {Provided by the SAO/NASA Astrophysics Data System}
}

@ARTICLE{Odenkirchen2001,
       author = {{Odenkirchen}, Michael and {Grebel}, Eva K. and {Rockosi}, Constance M. and {Dehnen}, Walter and {Ibata}, Rodrigo and {Rix}, Hans-Walter and {Stolte}, Andrea and {Wolf}, Christian and {Anderson}, John E., Jr. and {Bahcall}, Neta A. and {Brinkmann}, Jon and {Csabai}, Istv{\'a}n and {Hennessy}, G. and {Hindsley}, Robert B. and {Ivezi{\'c}}, {\v{Z}}eljko and {Lupton}, Robert H. and {Munn}, Jeffrey A. and {Pier}, Jeffrey R. and {Stoughton}, Chris and {York}, Donald G.},
        title = "{Detection of Massive Tidal Tails around the Globular Cluster Palomar 5 with Sloan Digital Sky Survey Commissioning Data}",
      journal = {\apjl},
     keywords = {Galaxy: Halo, Galaxy: Kinematics and Dynamics, Galaxy: Structure, Galaxy: Globular Clusters:: Individual Name: Palomar 5, Astrophysics},
         year = 2001,
        month = feb,
       volume = {548},
       number = {2},
        pages = {L165-L169},
          doi = {10.1086/319095},
archivePrefix = {arXiv},
       eprint = {astro-ph/0012311},
 primaryClass = {astro-ph},
       adsurl = {https://ui.adsabs.harvard.edu/abs/2001ApJ...548L.165O},
      adsnote = {Provided by the SAO/NASA Astrophysics Data System}
}




@ARTICLE{Odenkirchen2003,
       author = {{Odenkirchen}, Michael and {Grebel}, Eva K. and {Dehnen}, Walter and {Rix}, Hans-Walter and {Yanny}, Brian and {Newberg}, Heidi Jo and {Rockosi}, Constance M. and {Mart{\'\i}nez-Delgado}, David and {Brinkmann}, Jon and {Pier}, Jeffrey R.},
        title = "{The Extended Tails of Palomar 5: A 10{\textdegree} Arc of Globular Cluster Tidal Debris}",
      journal = {\aj},
     keywords = {Galaxy: Halo, Galaxy: Globular Clusters: General, Galaxy: Globular Clusters: Individual: Name: Palomar 5, Astrophysics},
         year = 2003,
        month = nov,
       volume = {126},
       number = {5},
        pages = {2385-2407},
          doi = {10.1086/378601},
archivePrefix = {arXiv},
       eprint = {astro-ph/0307446},
 primaryClass = {astro-ph},
       adsurl = {https://ui.adsabs.harvard.edu/abs/2003AJ....126.2385O},
      adsnote = {Provided by the SAO/NASA Astrophysics Data System}
}

@ARTICLE{Palau2021,
       author = {{Palau}, Carles G. and {Miralda-Escud{\'e}}, Jordi},
        title = "{The tidal stream generated by the globular cluster NGC 3201}",
      journal = {\mnras},
     keywords = {globular clusters: individual: NGC 3201, Galaxy: halo, Galaxy: kinematics and dynamics, Galaxy: structure, Astrophysics - Astrophysics of Galaxies},
         year = 2021,
        month = apr,
          doi = {10.1093/mnras/stab1024},
archivePrefix = {arXiv},
       eprint = {2010.14381},
 primaryClass = {astro-ph.GA},
       adsurl = {https://ui.adsabs.harvard.edu/abs/2021MNRAS.tmp.1020P},
      adsnote = {Provided by the SAO/NASA Astrophysics Data System}
}

@ARTICLE{Palau2019,
       author = {{Palau}, Carles G. and {Miralda-Escud{\'e}}, Jordi},
        title = "{Statistical detection of a tidal stream associated with the globular cluster M68 using Gaia data}",
      journal = {\mnras},
     keywords = {globular clusters: individual: M68, Galaxy: halo, Galaxy: kinematics and dynamics, Galaxy: structure, Astrophysics - Astrophysics of Galaxies},
         year = 2019,
        month = sep,
       volume = {488},
       number = {2},
        pages = {1535-1557},
          doi = {10.1093/mnras/stz1790},
archivePrefix = {arXiv},
       eprint = {1905.01193},
 primaryClass = {astro-ph.GA},
       adsurl = {https://ui.adsabs.harvard.edu/abs/2019MNRAS.488.1535P},
      adsnote = {Provided by the SAO/NASA Astrophysics Data System}
}

@ARTICLE{Perottoni2019,
       author = {{Perottoni}, H{\'e}lio D. and {Martin}, Charles and {Newberg}, Heidi Jo and {Rocha-Pinto}, Helio J. and {Almeida-Fernandes}, Felipe de and {Gomes-J{\'u}nior}, Altair R.},
        title = "{A cold stellar stream in Pegasus}",
      journal = {\mnras},
     keywords = {Galaxy: halo, Galaxy: stellar content, Galaxy: structure, Astrophysics - Astrophysics of Galaxies},
         year = 2019,
        month = jun,
       volume = {486},
       number = {1},
        pages = {843-850},
          doi = {10.1093/mnras/stz869},
archivePrefix = {arXiv},
       eprint = {1903.08840},
 primaryClass = {astro-ph.GA},
       adsurl = {https://ui.adsabs.harvard.edu/abs/2019MNRAS.486..843P},
      adsnote = {Provided by the SAO/NASA Astrophysics Data System}
}




@ARTICLE{PriceWhelan2019_pal5,
       author = {{Price-Whelan}, Adrian M. and {Mateu}, Cecilia and {Iorio}, Giuliano and {Pearson}, Sarah and {Bonaca}, Ana and {Belokurov}, Vasily},
        title = "{Kinematics of the Palomar 5 Stellar Stream from RR Lyrae Stars}",
      journal = {\aj},
     keywords = {Globular star clusters, RR Lyrae variable stars, Milky Way stellar halo, Milky Way dynamics, 656, 1410, 1060, 1051, Astrophysics - Astrophysics of Galaxies},
         year = 2019,
        month = dec,
       volume = {158},
       number = {6},
          eid = {223},
        pages = {223},
          doi = {10.3847/1538-3881/ab4cef},
archivePrefix = {arXiv},
       eprint = {1910.00595},
 primaryClass = {astro-ph.GA},
       adsurl = {https://ui.adsabs.harvard.edu/abs/2019AJ....158..223P},
      adsnote = {Provided by the SAO/NASA Astrophysics Data System}
}

@ARTICLE{PriceWhelanBonaca2018_gd1,
       author = {{Price-Whelan}, Adrian M. and {Bonaca}, Ana},
        title = "{Off the Beaten Path: Gaia Reveals GD-1 Stars outside of the Main Stream}",
      journal = {\apjl},
     keywords = {dark matter, Galaxy: halo, Galaxy: kinematics and dynamics, Astrophysics - Astrophysics of Galaxies},
         year = 2018,
        month = aug,
       volume = {863},
       number = {2},
          eid = {L20},
        pages = {L20},
          doi = {10.3847/2041-8213/aad7b5},
archivePrefix = {arXiv},
       eprint = {1805.00425},
 primaryClass = {astro-ph.GA},
       adsurl = {https://ui.adsabs.harvard.edu/abs/2018ApJ...863L..20P},
      adsnote = {Provided by the SAO/NASA Astrophysics Data System}
}

@ARTICLE{Ramos2022_bif,
       author = {{Ramos}, P. and {Antoja}, T. and {Yuan}, Z. and {Arentsen}, A. and {Oria}, P. -A. and {Famaey}, B. and {Ibata}, R. and {Mateu}, C. and {Carballo-Bello}, J.~A.},
        title = "{The Sagittarius stream in Gaia eDR3 and the origin of the bifurcations}",
      journal = {arXiv e-prints},
     keywords = {Astrophysics - Astrophysics of Galaxies},
         year = 2021,
        month = dec,
          eid = {arXiv:2112.02105},
        pages = {arXiv:2112.02105},
archivePrefix = {arXiv},
       eprint = {2112.02105},
 primaryClass = {astro-ph.GA},
       adsurl = {https://ui.adsabs.harvard.edu/abs/2021arXiv211202105R},
      adsnote = {Provided by the SAO/NASA Astrophysics Data System}
}


@ARTICLE{Ramos2021,
       author = {{Ramos}, P. and {Antoja}, T. and {Mateu}, C. and {Anders}, F. and {Laporte}, C.~F.~P. and {Carballo-Bello}, J.~A. and {Famaey}, B. and {Ibata}, R.},
        title = "{The outer disc in shambles: Blind detection of Monoceros and the ACS with Gaia's astrometric sample}",
      journal = {\aap},
     keywords = {Galaxy: kinematics and dynamics, Galaxy: formation, Galaxy: halo, astrometry, Astrophysics - Astrophysics of Galaxies},
         year = 2021,
        month = feb,
       volume = {646},
          eid = {A99},
        pages = {A99},
          doi = {10.1051/0004-6361/202039830},
archivePrefix = {arXiv},
       eprint = {2011.01241},
 primaryClass = {astro-ph.GA},
       adsurl = {https://ui.adsabs.harvard.edu/abs/2021A&A...646A..99R},
      adsnote = {Provided by the SAO/NASA Astrophysics Data System}
}

@ARTICLE{Ramos2020,
       author = {{Ramos}, P. and {Mateu}, C. and {Antoja}, T. and {Helmi}, A. and {Castro-Ginard}, A. and {Balbinot}, E. and {Carrasco}, J.~M.},
        title = "{Full 5D characterisation of the Sagittarius stream with Gaia DR2 RR Lyrae (Corrigendum)}",
      journal = {\aap},
     keywords = {Galaxy: halo, stars: variables: RR Lyrae, galaxies: dwarf, astrometry, errata, addenda},
         year = 2020,
        month = aug,
       volume = {640},
          eid = {C5},
        pages = {C5},
          doi = {10.1051/0004-6361/202037819e},
       adsurl = {https://ui.adsabs.harvard.edu/abs/2020A&A...640C...5R},
      adsnote = {Provided by the SAO/NASA Astrophysics Data System}
}

@ARTICLE{ReFiorentin2021,
       author = {{Re Fiorentin}, Paola and {Spagna}, Alessandro and {Lattanzi}, Mario G. and {Cignoni}, Michele},
        title = "{Icarus: A Flat and Fast Prograde Stellar Stream in the Milky Way Disk}",
      journal = {\apjl},
     keywords = {Milky Way formation, Milky Way stellar halo, Milky Way dynamics, Stellar abundances, 1053, 1060, 1051, 1577, Astrophysics - Astrophysics of Galaxies},
         year = 2021,
        month = jan,
       volume = {907},
       number = {1},
          eid = {L16},
        pages = {L16},
          doi = {10.3847/2041-8213/abd53d},
archivePrefix = {arXiv},
       eprint = {2012.10957},
 primaryClass = {astro-ph.GA},
       adsurl = {https://ui.adsabs.harvard.edu/abs/2021ApJ...907L..16R},
      adsnote = {Provided by the SAO/NASA Astrophysics Data System}
}



@ARTICLE{Reid2014,
       author = {{Reid}, M.~J. and {Menten}, K.~M. and {Brunthaler}, A. and {Zheng}, X.~W. and {Dame}, T.~M. and {Xu}, Y. and {Wu}, Y. and {Zhang}, B. and {Sanna}, A. and {Sato}, M. and {Hachisuka}, K. and {Choi}, Y.~K. and {Immer}, K. and {Moscadelli}, L. and {Rygl}, K.~L.~J. and {Bartkiewicz}, A.},
        title = "{Trigonometric Parallaxes of High Mass Star Forming Regions: The Structure and Kinematics of the Milky Way}",
      journal = {\apj},
     keywords = {Galaxy: fundamental parameters, Galaxy: kinematics and dynamics, Galaxy: structure, gravitational waves, parallaxes, stars: formation, Astrophysics - Galaxy Astrophysics},
         year = 2014,
        month = mar,
       volume = {783},
       number = {2},
          eid = {130},
        pages = {130},
          doi = {10.1088/0004-637X/783/2/130},
archivePrefix = {arXiv},
       eprint = {1401.5377},
 primaryClass = {astro-ph.GA},
       adsurl = {https://ui.adsabs.harvard.edu/abs/2014ApJ...783..130R},
      adsnote = {Provided by the SAO/NASA Astrophysics Data System}
}

@ARTICLE{SFD98,
       author = {{Schlegel}, David J. and {Finkbeiner}, Douglas P. and {Davis}, Marc},
        title = "{Maps of Dust Infrared Emission for Use in Estimation of Reddening and Cosmic Microwave Background Radiation Foregrounds}",
      journal = {\apj},
     keywords = {COSMOLOGY: DIFFUSE RADIATION, COSMOLOGY: COSMIC MICROWAVE BACKGROUND, ISM: DUST, EXTINCTION, INTERPLANETARY MEDIUM, INFRARED: ISM: CONTINUUM, Cosmology: Cosmic Microwave Background, Cosmology: Diffuse Radiation, ISM: Dust, Extinction, Infrared: ISM: Continuum, Interplanetary Medium, Astrophysics},
         year = 1998,
        month = jun,
       volume = {500},
       number = {2},
        pages = {525-553},
          doi = {10.1086/305772},
archivePrefix = {arXiv},
       eprint = {astro-ph/9710327},
 primaryClass = {astro-ph},
       adsurl = {https://ui.adsabs.harvard.edu/abs/1998ApJ...500..525S},
      adsnote = {Provided by the SAO/NASA Astrophysics Data System}
}

@ARTICLE{SF11,
       author = {{Schlafly}, Edward F. and {Finkbeiner}, Douglas P.},
        title = "{Measuring Reddening with Sloan Digital Sky Survey Stellar Spectra and Recalibrating SFD}",
      journal = {\apj},
     keywords = {dust, extinction, Galaxy: stellar content, ISM: clouds, Astrophysics - Galaxy Astrophysics},
         year = 2011,
        month = aug,
       volume = {737},
       number = {2},
          eid = {103},
        pages = {103},
          doi = {10.1088/0004-637X/737/2/103},
archivePrefix = {arXiv},
       eprint = {1012.4804},
 primaryClass = {astro-ph.GA},
       adsurl = {https://ui.adsabs.harvard.edu/abs/2011ApJ...737..103S},
      adsnote = {Provided by the SAO/NASA Astrophysics Data System}
}





@ARTICLE{Schoenrich2010,
       author = {{Sch{\"o}nrich}, Ralph and {Binney}, James and {Dehnen}, Walter},
        title = "{Local kinematics and the local standard of rest}",
      journal = {\mnras},
     keywords = {stars: kinematics, Galaxy: disc, Galaxy: fundamental parameters, Galaxy: kinematics and dynamics, solar neighbourhood, Astrophysics - Astrophysics of Galaxies},
         year = 2010,
        month = apr,
       volume = {403},
       number = {4},
        pages = {1829-1833},
          doi = {10.1111/j.1365-2966.2010.16253.x},
archivePrefix = {arXiv},
       eprint = {0912.3693},
 primaryClass = {astro-ph.GA},
       adsurl = {https://ui.adsabs.harvard.edu/abs/2010MNRAS.403.1829S},
      adsnote = {Provided by the SAO/NASA Astrophysics Data System}
}

@ARTICLE{Shipp2018,
       author = {{Shipp}, N. and {Drlica-Wagner}, A. and {Balbinot}, E. and {Ferguson}, P. and {Erkal}, D. and {Li}, T.~S. and {Bechtol}, K. and {Belokurov}, V. and {Buncher}, B. and {Carollo}, D. and {Carrasco Kind}, M. and {Kuehn}, K. and {Marshall}, J.~L. and {Pace}, A.~B. and {Rykoff}, E.~S. and {Sevilla-Noarbe}, I. and {Sheldon}, E. and {Strigari}, L. and {Vivas}, A.~K. and {Yanny}, B. and {Zenteno}, A. and {Abbott}, T.~M.~C. and {Abdalla}, F.~B. and {Allam}, S. and {Avila}, S. and {Bertin}, E. and {Brooks}, D. and {Burke}, D.~L. and {Carretero}, J. and {Castander}, F.~J. and {Cawthon}, R. and {Crocce}, M. and {Cunha}, C.~E. and {D'Andrea}, C.~B. and {da Costa}, L.~N. and {Davis}, C. and {De Vicente}, J. and {Desai}, S. and {Diehl}, H.~T. and {Doel}, P. and {Evrard}, A.~E. and {Flaugher}, B. and {Fosalba}, P. and {Frieman}, J. and {Garc{\'\i}a-Bellido}, J. and {Gaztanaga}, E. and {Gerdes}, D.~W. and {Gruen}, D. and {Gruendl}, R.~A. and {Gschwend}, J. and {Gutierrez}, G. and {Hartley}, W. and {Honscheid}, K. and {Hoyle}, B. and {James}, D.~J. and {Johnson}, M.~D. and {Krause}, E. and {Kuropatkin}, N. and {Lahav}, O. and {Lin}, H. and {Maia}, M.~A.~G. and {March}, M. and {Martini}, P. and {Menanteau}, F. and {Miller}, C.~J. and {Miquel}, R. and {Nichol}, R.~C. and {Plazas}, A.~A. and {Romer}, A.~K. and {Sako}, M. and {Sanchez}, E. and {Santiago}, B. and {Scarpine}, V. and {Schindler}, R. and {Schubnell}, M. and {Smith}, M. and {Smith}, R.~C. and {Sobreira}, F. and {Suchyta}, E. and {Swanson}, M.~E.~C. and {Tarle}, G. and {Thomas}, D. and {Tucker}, D.~L. and {Walker}, A.~R. and {Wechsler}, R.~H. and {DES Collaboration}},
        title = "{Stellar Streams Discovered in the Dark Energy Survey}",
      journal = {\apj},
     keywords = {Galaxy: halo, Galaxy: structure, Local Group, Astrophysics - Astrophysics of Galaxies, Astrophysics - Cosmology and Nongalactic Astrophysics},
         year = 2018,
        month = aug,
       volume = {862},
       number = {2},
          eid = {114},
        pages = {114},
          doi = {10.3847/1538-4357/aacdab},
archivePrefix = {arXiv},
       eprint = {1801.03097},
 primaryClass = {astro-ph.GA},
       adsurl = {https://ui.adsabs.harvard.edu/abs/2018ApJ...862..114S},
      adsnote = {Provided by the SAO/NASA Astrophysics Data System}
}



@ARTICLE{Shipp2019,
       author = {{Shipp}, N. and {Li}, T.~S. and {Pace}, A.~B. and {Erkal}, D. and {Drlica-Wagner}, A. and {Yanny}, B. and {Belokurov}, V. and {Wester}, W. and {Koposov}, S.~E. and {Kuehn}, K. and {Lewis}, G.~F. and {Simpson}, J.~D. and {Wan}, Z. and {Zucker}, D.~B. and {Martell}, S.~L. and {Wang}, M.~Y. and {S5 Collaboration}},
        title = "{Proper Motions of Stellar Streams Discovered in the Dark Energy Survey}",
      journal = {\apj},
     keywords = {Stellar kinematics, Milky Way Galaxy, Milky Way stellar halo, Local Group, Galaxy structure, Astrophysics - Astrophysics of Galaxies, Astrophysics - Solar and Stellar Astrophysics},
         year = 2019,
        month = nov,
       volume = {885},
       number = {1},
          eid = {3},
        pages = {3},
          doi = {10.3847/1538-4357/ab44bf},
archivePrefix = {arXiv},
       eprint = {1907.09488},
 primaryClass = {astro-ph.GA},
       adsurl = {https://ui.adsabs.harvard.edu/abs/2019ApJ...885....3S},
      adsnote = {Provided by the SAO/NASA Astrophysics Data System}
}

@ARTICLE{Shipp2020,
       author = {{Shipp}, Nora and {Price-Whelan}, Adrian M. and {Tavangar}, Kiyan and {Mateu}, Cecilia and {Drlica-Wagner}, Alex},
        title = "{Discovery of Extended Tidal Tails around the Globular Cluster Palomar 13}",
      journal = {\aj},
     keywords = {the Milky Way, Stellar structures, Milky Way stellar halo, Milky Way dynamics, 1054, 1631, 1060, 1051, Astrophysics - Astrophysics of Galaxies},
         year = 2020,
        month = nov,
       volume = {160},
       number = {5},
          eid = {244},
        pages = {244},
          doi = {10.3847/1538-3881/abbd3a},
archivePrefix = {arXiv},
       eprint = {2006.12501},
 primaryClass = {astro-ph.GA},
       adsurl = {https://ui.adsabs.harvard.edu/abs/2020AJ....160..244S},
      adsnote = {Provided by the SAO/NASA Astrophysics Data System}
}

@ARTICLE{Simon2011,
       author = {{Simon}, Joshua D. and {Geha}, Marla and {Minor}, Quinn E. and {Martinez}, Gregory D. and {Kirby}, Evan N. and {Bullock}, James S. and {Kaplinghat}, Manoj and {Strigari}, Louis E. and {Willman}, Beth and {Choi}, Philip I. and {Tollerud}, Erik J. and {Wolf}, Joe},
        title = "{A Complete Spectroscopic Survey of the Milky Way Satellite Segue 1: The Darkest Galaxy}",
      journal = {\apj},
     keywords = {dark matter, galaxies: dwarf, galaxies: individual: Segue 1, galaxies: kinematics and dynamics, Local Group, Astrophysics - Astrophysics of Galaxies, Astrophysics - Cosmology and Nongalactic Astrophysics},
         year = 2011,
        month = may,
       volume = {733},
       number = {1},
          eid = {46},
        pages = {46},
          doi = {10.1088/0004-637X/733/1/46},
archivePrefix = {arXiv},
       eprint = {1007.4198},
 primaryClass = {astro-ph.GA},
       adsurl = {https://ui.adsabs.harvard.edu/abs/2011ApJ...733...46S},
      adsnote = {Provided by the SAO/NASA Astrophysics Data System}
}

@ARTICLE{Sohn2016,
       author = {{Sohn}, Sangmo Tony and {van der Marel}, Roeland P. and {Kallivayalil}, Nitya and {Majewski}, Steven R. and {Besla}, Gurtina and {Carlin}, Jeffrey L. and {Law}, David R. and {Siegel}, Michael H. and {Anderson}, Jay},
        title = "{Hubble Space Telescope Proper Motions of Individual Stars in Stellar Streams: Orphan, Sagittarius, Lethe, and the New ``Parallel{\textquoteright} Stream''}",
      journal = {\apj},
     keywords = {astrometry, Galaxy: halo, Galaxy: kinematics and dynamics, proper motions, Astrophysics - Astrophysics of Galaxies},
         year = 2016,
        month = dec,
       volume = {833},
       number = {2},
          eid = {235},
        pages = {235},
          doi = {10.3847/1538-4357/833/2/235},
archivePrefix = {arXiv},
       eprint = {1611.02282},
 primaryClass = {astro-ph.GA},
       adsurl = {https://ui.adsabs.harvard.edu/abs/2016ApJ...833..235S},
      adsnote = {Provided by the SAO/NASA Astrophysics Data System}
}


@ARTICLE{NiedersteOstholt2009,
       author = {{Niederste-Ostholt}, M. and {Belokurov}, V. and {Evans}, N.~W. and {Gilmore}, G. and {Wyse}, R.~F.~G. and {Norris}, J.~E.},
        title = "{The origin of Segue 1}",
      journal = {\mnras},
     keywords = {globular clusters: individual: Segue 1, galaxies: kinematics and dynamics, Astrophysics - Galaxy Astrophysics, Astrophysics - Cosmology and Extragalactic Astrophysics},
         year = 2009,
        month = oct,
       volume = {398},
       number = {4},
        pages = {1771-1781},
          doi = {10.1111/j.1365-2966.2009.15287.x},
archivePrefix = {arXiv},
       eprint = {0906.3669},
 primaryClass = {astro-ph.GA},
       adsurl = {https://ui.adsabs.harvard.edu/abs/2009MNRAS.398.1771N},
      adsnote = {Provided by the SAO/NASA Astrophysics Data System}
}

@ARTICLE{Sesar2015,
       author = {{Sesar}, Branimir and {Bovy}, Jo and {Bernard}, Edouard J. and {Caldwell}, Nelson and {Cohen}, Judith G. and {Fouesneau}, Morgan and {Johnson}, Christian I. and {Ness}, Melissa and {Ferguson}, Annette M.~N. and {Martin}, Nicolas F. and {Price-Whelan}, Adrian M. and {Rix}, Hans-Walter and {Schlafly}, Edward F. and {Burgett}, William S. and {Chambers}, Kenneth C. and {Flewelling}, Heather and {Hodapp}, Klaus W. and {Kaiser}, Nick and {Magnier}, Eugene A. and {Platais}, Imants and {Tonry}, John L. and {Waters}, Christopher and {Wyse}, Rosemary F.~G.},
        title = "{The Nature and Orbit of the Ophiuchus Stream}",
      journal = {\apj},
     keywords = {Galaxy: halo, Galaxy: kinematics and dynamics, Galaxy: structure, globular clusters: general, Astrophysics - Astrophysics of Galaxies},
         year = 2015,
        month = aug,
       volume = {809},
       number = {1},
          eid = {59},
        pages = {59},
          doi = {10.1088/0004-637X/809/1/59},
archivePrefix = {arXiv},
       eprint = {1501.00581},
 primaryClass = {astro-ph.GA},
       adsurl = {https://ui.adsabs.harvard.edu/abs/2015ApJ...809...59S},
      adsnote = {Provided by the SAO/NASA Astrophysics Data System}
}




@ARTICLE{Sollima2020,
       author = {{Sollima}, A.},
        title = "{The eye of Gaia on globular clusters structure: tidal tails}",
      journal = {\mnras},
     keywords = {methods: statistical, stars: kinematics and dynamics, stars: Population II, globular clusters: general, Astrophysics - Astrophysics of Galaxies, Astrophysics - Solar and Stellar Astrophysics},
         year = 2020,
        month = jun,
       volume = {495},
       number = {2},
        pages = {2222-2233},
          doi = {10.1093/mnras/staa1209},
archivePrefix = {arXiv},
       eprint = {2004.13754},
 primaryClass = {astro-ph.GA},
       adsurl = {https://ui.adsabs.harvard.edu/abs/2020MNRAS.495.2222S},
      adsnote = {Provided by the SAO/NASA Astrophysics Data System}
}


@ARTICLE{Starkman2020,
       author = {{Starkman}, Nathaniel and {Bovy}, Jo and {Webb}, Jeremy J.},
        title = "{An extended Pal 5 stream in Gaia DR2}",
      journal = {\mnras},
     keywords = {methods: data analysis, Galaxy: bulge, globular clusters: individual (Palomar 5), Galaxy: halo, Galaxy: kinematics and dynamics, Astrophysics - Astrophysics of Galaxies},
         year = 2020,
        month = apr,
       volume = {493},
       number = {4},
        pages = {4978-4986},
          doi = {10.1093/mnras/staa534},
archivePrefix = {arXiv},
       eprint = {1909.03048},
 primaryClass = {astro-ph.GA},
       adsurl = {https://ui.adsabs.harvard.edu/abs/2020MNRAS.493.4978S},
      adsnote = {Provided by the SAO/NASA Astrophysics Data System}
}


@ARTICLE{Thomas2020,
       author = {{Thomas}, Guillaume F. and {Jensen}, Jaclyn and {McConnachie}, Alan and {C{\^o}t{\'e}}, Patrick and {Venn}, Kim and {Longeard}, Nicolas and {Carlberg}, Raymond and {Chapman}, Scott and {Cuillandre}, Jean-Charles and {Famaey}, Benoit and {Ferrarese}, Laura and {Gwyn}, Stephen and {Hammer}, Fran{\c{c}}ois and {Ibata}, Rodrigo A. and {Malhan}, Khyati and {Martin}, Nicolas F. and {Mei}, Simona and {Navarro}, Julio F. and {Reyl{\'e}}, C{\'e}line and {Starkenburg}, Else},
        title = "{The Hidden Past of M92: Detection and Characterization of a Newly Formed 17{\textdegree} Long Stellar Stream Using the Canada-France Imaging Survey}",
      journal = {\apj},
     keywords = {Globular star clusters, Milky Way dynamics, Milky Way stellar halo, Galaxy formation, 656, 1051, 1060, 595, Astrophysics - Astrophysics of Galaxies},
         year = 2020,
        month = oct,
       volume = {902},
       number = {2},
          eid = {89},
        pages = {89},
          doi = {10.3847/1538-4357/abb6f7},
archivePrefix = {arXiv},
       eprint = {2009.04487},
 primaryClass = {astro-ph.GA},
       adsurl = {https://ui.adsabs.harvard.edu/abs/2020ApJ...902...89T},
      adsnote = {Provided by the SAO/NASA Astrophysics Data System}
}

@ARTICLE{Thomas2021,
       author = {{Thomas}, Guillaume F. and {Battaglia}, Giuseppina},
        title = "{The Cetus-Palca stream: A disrupted small dwarf galaxy}",
      journal = {arXiv e-prints},
     keywords = {Astrophysics - Astrophysics of Galaxies},
         year = 2021,
        month = dec,
          eid = {arXiv:2112.03973},
        pages = {arXiv:2112.03973},
archivePrefix = {arXiv},
       eprint = {2112.03973},
 primaryClass = {astro-ph.GA},
       adsurl = {https://ui.adsabs.harvard.edu/abs/2021arXiv211203973T},
      adsnote = {Provided by the SAO/NASA Astrophysics Data System}
}

@ARTICLE{Vasiliev2021,
       author = {{Vasiliev}, Eugene and {Baumgardt}, Holger},
        title = "{Gaia EDR3 view on galactic globular clusters}",
      journal = {\mnras},
     keywords = {parallaxes, proper motions, globular clusters: general, Galaxy: kinematics and dynamics, Astrophysics - Astrophysics of Galaxies},
         year = 2021,
        month = aug,
       volume = {505},
       number = {4},
        pages = {5978-6002},
          doi = {10.1093/mnras/stab1475},
archivePrefix = {arXiv},
       eprint = {2102.09568},
 primaryClass = {astro-ph.GA},
       adsurl = {https://ui.adsabs.harvard.edu/abs/2021MNRAS.505.5978V},
      adsnote = {Provided by the SAO/NASA Astrophysics Data System}
}


@ARTICLE{Vivas2001,
       author = {{Vivas}, A.~K. and {Zinn}, R. and {Andrews}, P. and {Bailyn}, C. and {Baltay}, C. and {Coppi}, P. and {Ellman}, N. and {Girard}, T. and {Rabinowitz}, D. and {Schaefer}, B. and {Shin}, J. and {Snyder}, J. and {Sofia}, S. and {van Altena}, W. and {Abad}, C. and {Bongiovanni}, A. and {Brice{\~n}o}, C. and {Bruzual}, G. and {Della Prugna}, F. and {Herrera}, D. and {Magris}, G. and {Mateu}, J. and {Pacheco}, R. and {S{\'a}nchez}, Ge. and {S{\'a}nchez}, Gu. and {Schenner}, H. and {Stock}, J. and {Vicente}, B. and {Vieira}, K. and {Ferr{\'\i}n}, I. and {Hernandez}, J. and {Gebhard}, M. and {Honeycutt}, R. and {Mufson}, S. and {Musser}, J. and {Rengstorf}, A.},
        title = "{The QUEST RR Lyrae Survey: Confirmation of the Clump at 50 Kiloparsecs and Other Overdensities in the Outer Halo}",
      journal = {\apjl},
     keywords = {Galaxies: Individual: Name: Sagittarius, Galaxy: Halo, Galaxy: Structure, Stars: Variables: Other, Astrophysics},
         year = 2001,
        month = jun,
       volume = {554},
       number = {1},
        pages = {L33-L36},
          doi = {10.1086/320915},
archivePrefix = {arXiv},
       eprint = {astro-ph/0105135},
 primaryClass = {astro-ph},
       adsurl = {https://ui.adsabs.harvard.edu/abs/2001ApJ...554L..33V},
      adsnote = {Provided by the SAO/NASA Astrophysics Data System}
}

@ARTICLE{Vivas2006,
       author = {{Vivas}, A. Katherina and {Zinn}, Robert},
        title = "{The QUEST RR Lyrae Survey. II. The Halo Overdensities in the First Catalog}",
      journal = {\aj},
     keywords = {Galaxy: Halo, Galaxy: Structure, Stars: Variables: Other, Astrophysics},
         year = 2006,
        month = aug,
       volume = {132},
       number = {2},
        pages = {714-728},
          doi = {10.1086/505200},
archivePrefix = {arXiv},
       eprint = {astro-ph/0604359},
 primaryClass = {astro-ph},
       adsurl = {https://ui.adsabs.harvard.edu/abs/2006AJ....132..714V},
      adsnote = {Provided by the SAO/NASA Astrophysics Data System}
}

@ARTICLE{Vivas2016,
       author = {{Vivas}, A. Katherina and {Zinn}, Robert and {Farmer}, John and {Duffau}, Sonia and {Ping}, Yiding},
        title = "{Disentangling the Virgo Overdensity with RR Lyrae stars}",
      journal = {\apj},
     keywords = {stars: variables: RR Lyrae, Galaxy: halo, stars: kinematics and dynamics, Galaxy: structure, Astrophysics - Astrophysics of Galaxies},
         year = 2016,
        month = nov,
       volume = {831},
       number = {2},
          eid = {165},
        pages = {165},
          doi = {10.3847/0004-637X/831/2/165},
archivePrefix = {arXiv},
       eprint = {1608.08981},
 primaryClass = {astro-ph.GA},
       adsurl = {https://ui.adsabs.harvard.edu/abs/2016ApJ...831..165V},
      adsnote = {Provided by the SAO/NASA Astrophysics Data System}
}




@ARTICLE{Weiss2018,
       author = {{Weiss}, Jake and {Newberg}, Heidi Jo and {Desell}, Travis},
        title = "{A Tangle of Stellar Streams in the North Galactic Cap}",
      journal = {\apjl},
     keywords = {catalogs, Galaxy: halo, Galaxy: structure, methods: data analysis, methods: statistical, Astrophysics - Astrophysics of Galaxies},
         year = 2018,
        month = nov,
       volume = {867},
       number = {1},
          eid = {L1},
        pages = {L1},
          doi = {10.3847/2041-8213/aae5fc},
archivePrefix = {arXiv},
       eprint = {1807.03754},
 primaryClass = {astro-ph.GA},
       adsurl = {https://ui.adsabs.harvard.edu/abs/2018ApJ...867L...1W},
      adsnote = {Provided by the SAO/NASA Astrophysics Data System}
}

@ARTICLE{Williams2011,
       author = {{Williams}, M.~E.~K. and {Steinmetz}, M. and {Sharma}, S. and {Bland-Hawthorn}, J. and {de Jong}, R.~S. and {Seabroke}, G.~M. and {Helmi}, A. and {Freeman}, K.~C. and {Binney}, J. and {Minchev}, I. and {Bienaym{\'e}}, O. and {Campbell}, R. and {Fulbright}, J.~P. and {Gibson}, B.~K. and {Gilmore}, G.~F. and {Grebel}, E.~K. and {Munari}, U. and {Navarro}, J.~F. and {Parker}, Q.~A. and {Reid}, W. and {Siebert}, A. and {Siviero}, A. and {Watson}, F.~G. and {Wyse}, R.~F.~G. and {Zwitter}, T.},
        title = "{The Dawning of the Stream of Aquarius in RAVE}",
      journal = {\apj},
     keywords = {Galaxy: halo, Galaxy: kinematics and dynamics, solar neighborhood, Astrophysics - Astrophysics of Galaxies},
         year = 2011,
        month = feb,
       volume = {728},
       number = {2},
          eid = {102},
        pages = {102},
          doi = {10.1088/0004-637X/728/2/102},
archivePrefix = {arXiv},
       eprint = {1012.2127},
 primaryClass = {astro-ph.GA},
       adsurl = {https://ui.adsabs.harvard.edu/abs/2011ApJ...728..102W},
      adsnote = {Provided by the SAO/NASA Astrophysics Data System}
}

@ARTICLE{Yanny2003,
       author = {{Yanny}, Brian and {Newberg}, Heidi Jo and {Grebel}, Eva K. and {Kent}, Steve and {Odenkirchen}, Michael and {Rockosi}, Connie M. and {Schlegel}, David and {Subbarao}, Mark and {Brinkmann}, Jon and {Fukugita}, Masataka and {Ivezic}, {\v{Z}}eljko and {Lamb}, Don Q. and {Schneider}, Donald P. and {York}, Donald G.},
        title = "{A Low-Latitude Halo Stream around the Milky Way}",
      journal = {\apj},
     keywords = {Galaxy: Halo, Galaxy: Structure, Astrophysics},
         year = 2003,
        month = may,
       volume = {588},
       number = {2},
        pages = {824-841},
          doi = {10.1086/374220},
archivePrefix = {arXiv},
       eprint = {astro-ph/0301029},
 primaryClass = {astro-ph},
       adsurl = {https://ui.adsabs.harvard.edu/abs/2003ApJ...588..824Y},
      adsnote = {Provided by the SAO/NASA Astrophysics Data System}
}

@ARTICLE{Yanny2009,
       author = {{Yanny}, Brian and {Newberg}, Heidi Jo and {Johnson}, Jennifer A. and {Lee}, Young Sun and {Beers}, Timothy C. and {Bizyaev}, Dmitry and {Brewington}, Howard and {Fiorentin}, Paola Re and {Harding}, Paul and {Malanushenko}, Elena and {Malanushenko}, Viktor and {Oravetz}, Dan and {Pan}, Kaike and {Simmons}, Audrey and {Snedden}, Stephanie},
        title = "{Tracing Sagittarius Structure with SDSS and SEGUE Imaging and Spectroscopy}",
      journal = {\apj},
     keywords = {Galaxy: halo, Galaxy: kinematics and dynamics, Galaxy: structure, stars: abundances, Astrophysics - Galaxy Astrophysics},
         year = 2009,
        month = aug,
       volume = {700},
       number = {2},
        pages = {1282-1298},
          doi = {10.1088/0004-637X/700/2/1282},
archivePrefix = {arXiv},
       eprint = {0905.4502},
 primaryClass = {astro-ph.GA},
       adsurl = {https://ui.adsabs.harvard.edu/abs/2009ApJ...700.1282Y},
      adsnote = {Provided by the SAO/NASA Astrophysics Data System}
}



@INPROCEEDINGS{Yanny2016,
       author = {{Yanny}, Brian and {Newberg}, Heidi Jo},
        title = "{The Monoceros Ring, and Other Substructure Near the Galactic Plane}",
     keywords = {Physics},
    booktitle = {Tidal Streams in the Local Group and Beyond},
         year = 2016,
       editor = {{Newberg}, Heidi Jo and {Carlin}, Jeffrey L.},
       series = {Astrophysics and Space Science Library},
       volume = {420},
        month = jan,
        pages = {63},
          doi = {10.1007/978-3-319-19336-6\_3},
       adsurl = {https://ui.adsabs.harvard.edu/abs/2016ASSL..420...63Y},
      adsnote = {Provided by the SAO/NASA Astrophysics Data System}
}

@ARTICLE{Yang2023,
       author = {{Yang}, Yong and {Zhao}, Jing-Kun and {Tang}, Xin-Zhe and {Ye}, Xian-Hao and {Zhao}, Gang},
        title = "{The Spectacular Tidal Tails of Globular Cluster M3 (NGC 5272)}",
      journal = {\apj},
     keywords = {Globular star clusters, Stellar streams, Milky Way stellar halo, 656, 2166, 1060, Astrophysics - Astrophysics of Galaxies},
         year = 2023,
        month = aug,
       volume = {953},
       number = {2},
          eid = {130},
        pages = {130},
          doi = {10.3847/1538-4357/acdee2},
archivePrefix = {arXiv},
       eprint = {2306.08883},
 primaryClass = {astro-ph.GA},
       adsurl = {https://ui.adsabs.harvard.edu/abs/2023ApJ...953..130Y},
      adsnote = {Provided by the SAO/NASA Astrophysics Data System}
}



@ARTICLE{Yam2013,
       author = {{Yam}, William and {Carlin}, Jeffrey L. and {Newberg}, Heidi Jo and {Dumas}, Julie and {O'Malley}, Erin and {Newby}, Matthew and {Martin}, Charles},
        title = "{Update on the Cetus Polar Stream and Its Progenitor}",
      journal = {\apj},
     keywords = {galaxies: dwarf, Galaxy: kinematics and dynamics, Galaxy: stellar content, Galaxy: structure, Local Group, stars: abundances, stars: kinematics and dynamics, Astrophysics - Astrophysics of Galaxies},
         year = 2013,
        month = oct,
       volume = {776},
       number = {2},
          eid = {133},
        pages = {133},
          doi = {10.1088/0004-637X/776/2/133},
archivePrefix = {arXiv},
       eprint = {1308.5974},
 primaryClass = {astro-ph.GA},
       adsurl = {https://ui.adsabs.harvard.edu/abs/2013ApJ...776..133Y},
      adsnote = {Provided by the SAO/NASA Astrophysics Data System}
}

@ARTICLE{Yuan2020,
       author = {{Yuan}, Zhen and {Chang}, Jiang and {Beers}, Timothy C. and {Huang}, Yang},
        title = "{A Low-mass Stellar-debris Stream Associated with a Globular Cluster Pair in the Halo}",
      journal = {\apjl},
     keywords = {Milky Way stellar halo, Globular star clusters, 1060, 656, Astrophysics - Astrophysics of Galaxies},
         year = 2020,
        month = aug,
       volume = {898},
       number = {2},
          eid = {L37},
        pages = {L37},
          doi = {10.3847/2041-8213/aba49f},
archivePrefix = {arXiv},
       eprint = {2007.05132},
 primaryClass = {astro-ph.GA},
       adsurl = {https://ui.adsabs.harvard.edu/abs/2020ApJ...898L..37Y},
      adsnote = {Provided by the SAO/NASA Astrophysics Data System}
}


@ARTICLE{Yuan2021,
       author = {{Yuan}, Zhen and {Malhan}, Khyati and {Sestito}, Federico and {Ibata}, Rodrigo A. and {Martin}, Nicolas F. and {Chang}, Jiang and {Li}, Ting S. and {Caffau}, Elisabetta and {Bonifacio}, Piercarlo and {Bellazzini}, Michele and {Huang}, Yang and {Voggel}, Karina and {Longeard}, Nicolas and {Arentsen}, Anke and {Doliva-Dolinsky}, Amandine and {Navarro}, Julio and {Famaey}, Benoit and {Starkenburg}, Else and {Aguado}, David S.},
        title = "{The Complexity of the Cetus Stream Unveiled from the Fusion of STREAMFINDER and StarGO}",
      journal = {arXiv e-prints},
     keywords = {Astrophysics - Astrophysics of Galaxies},
         year = 2021,
        month = dec,
          eid = {arXiv:2112.05775},
        pages = {arXiv:2112.05775},
archivePrefix = {arXiv},
       eprint = {2112.05775},
 primaryClass = {astro-ph.GA},
       adsurl = {https://ui.adsabs.harvard.edu/abs/2021arXiv211205775Y},
      adsnote = {Provided by the SAO/NASA Astrophysics Data System}
}


